10400000         2829265510001450000000000000000000001070749108500000000MUNICIPIO DE BRACO DO NORTE   C ECON FEDERAL                          70402202613071100001404000000                    RET ONLINE-PRODUCAO               000            
10400011T0100030 20829265510001450000000000000000000001070749108500000000MUNICIPIO DE BRACO DO NORTE                                                                                   00000014040220260000000000                          00   
1040001300001T 460000004910850000000   14999000002908172012908172        160320260000000000135521040107002908172                  091000044422474987JOSE SCHLICKMANN                                  000000000000000020101                     
1040001300002U 46000000000000000000000000000000000000000000000000000000000000000000000013552000000000013552000000000000000000000000000000040220260502202600000000000000000000000000000000000000000000000000000000000000000000000000000000       
1040001300003T 460000004910850000000   14999000002930608012930608        010320260000000006951761360000002930608                  091000087155478920ZANEIDE DA SILVA SCHMOELLER BECKER                000000000000000040301                     
1040001300004U 46000000000000000000000000000000000000000000000000000000000000000000000695176000000000695176000000000000000000000000000000040220260502202600000000000000000000000000000000000000000000000000000000000000000000000000000000       
10400015         00000600000000000000000000000000000000000000000000000000000000000000000000000000000000000000000000                                                                                                                             
10499999         000001000008                                                                                                                                                                                                                   
