10400000         2829265510001450000000000000000000001070749108500000000MUNICIPIO DE BRACO DO NORTE   C ECON FEDERAL                          70402202610364200000704000000                    RET ONLINE-PRODUCAO               000            
10400011T0100030 20829265510001450000000000000000000001070749108500000000MUNICIPIO DE BRACO DO NORTE                                                                                   00000007040220260000000000                          00   
1040001300001T 460000004910850000000   14999000002910975612910975        020320260000000000326171040107002910975                  091000066554713972JOEL DOS SANTOS                                   000000000000000020101                     
1040001300002U 46000000000000000000000000009253000000000000000000000000000000000000000023364000000000023364000000000000000000000000000000040220260502202600000000000000000000000000000000000000000000000000000000000000000000000000000000       
1040001300003T 460000004910850000000   14999000002933646912933646        030520260000000003215232370000002933646                  091000006070225902RAQUEL JASPER                                     000000000000000040301                     
1040001300004U 46000000000000000000000000000000000000000000000000000000000000000000000321523000000000321523000000000000000000000000000000040220260502202600000000000000000000000000000000000000000000000000000000000000000000000000000000       
1040001300005T 460000004910850000000   14999000002933647712933647        030520260000000003215232370000002933647                  091000006070225902RAQUEL JASPER                                     000000000000000040301                     
1040001300006U 46000000000000000000000000000000000000000000000000000000000000000000000321523000000000321523000000000000000000000000000000040220260502202600000000000000000000000000000000000000000000000000000000000000000000000000000000       
10400015         00000800000000000000000000000000000000000000000000000000000000000000000000000000000000000000000000                                                                                                                             
10499999         000001000010                                                                                                                                                                                                                   
