10400000         2829265510001450000000000000000000001070749108500000000MUNICIPIO DE BRACO DO NORTE   C ECON FEDERAL                          70402202613500000001604000000                    RET ONLINE-PRODUCAO               000            
10400011T0100030 20829265510001450000000000000000000001070749108500000000MUNICIPIO DE BRACO DO NORTE                                                                                   00000016040220260000000000                          00   
1040001300001T 460000004910850000000   14999000002930268812930268        100220260000000026442500010000002930268                  091000006810804935ALAN FELIPE PROVIN                                000000000000000040301                     
1040001300002U 46000000000000000000000000000000000000000000000000000000000000000000002644250000000002644250000000000000000000000000000000040220260502202600000000000000000000000000000000000000000000000000000000000000000000000000000000       
1040001300003T 460000004910850000000   14999000002930337412930337        100220260000000000002877560000002930337                  092026114339000102FARMACIA MAIS SAO BASILIO LTDA                    000000000000000040301                     
1040001300004U 46000000000000000000000000000000000000000000000000000000000000000000000000287000000000000287000000000000000000000000000000040220260502202600000000000000000000000000000000000000000000000000000000000000000000000000000000       
10400015         00000600000000000000000000000000000000000000000000000000000000000000000000000000000000000000000000                                                                                                                             
10499999         000001000008                                                                                                                                                                                                                   
