10400000         2829265510001450000000000000000000001070749108500000000MUNICIPIO DE BRACO DO NORTE   C ECON FEDERAL                          70402202613364500001504000000                    RET ONLINE-PRODUCAO               000            
10400011T0100030 20829265510001450000000000000000000001070749108500000000MUNICIPIO DE BRACO DO NORTE                                                                                   00000015040220260000000000                          00   
1040001300001T 460000004910850000000   14999000002896090812896090        160220260000000001587012900107002896090                  091000002533814954IVANDIR STAPAZZOLLI                               000000000000000620300                     
1040001300002U 46000000000000000000000000069431000000000000000000000000000000000000000089270000000000089270000000000000000000000000000000040220260402202600000000000000000000000000000000000000000000000000000000000000000000000000000000       
1040001300003T 460000004910850000000   14999000002933821612933821        040520260000000005317237560000002933821                  091000037530283987ALVARO TENFEN                                     000000000000000040301                     
1040001300004U 46000000000000000000000000000000000000000000000000000000000000000000000531723000000000531723000000000000000000000000000000040220260502202600000000000000000000000000000000000000000000000000000000000000000000000000000000       
1040001300005T 460000004910850000000   14999000002933822412933822        040520260000000006117231040107002933822                  091000008551017926MARCOS MARTINELLI BEZA                            000000000000000610300                     
1040001300006U 46000000000000000000000000000000000000000000000000000000000000000000000611723000000000611723000000000000000000000000000000040220260402202600000000000000000000000000000000000000000000000000000000000000000000000000000000       
10400015         00000800000000000000000000000000000000000000000000000000000000000000000000000000000000000000000000                                                                                                                             
10499999         000001000010                                                                                                                                                                                                                   
