10400000         2829265510001450000000000000000000001070749108500000000MUNICIPIO DE BRACO DO NORTE   C ECON FEDERAL                          70402202616064200002004000000                    RET ONLINE-PRODUCAO               000            
10400011T0100030 20829265510001450000000000000000000001070749108500000000MUNICIPIO DE BRACO DO NORTE                                                                                   00000020040220260000000000                          00   
1040001300001T 460000004910850000000   14999000002902244812902244        130320260000000000433491040041002902244                  091000060737190949MANOEL CARLOS OURIQUES VIEIRA                     000000000000000020101                     
1040001300002U 46000000000000000000000000009984000000000000000000000000000000000000000033365000000000033365000000000000000000000000000000040220260502202600000000000000000000000000000000000000000000000000000000000000000000000000000000       
10400015         00000400000000000000000000000000000000000000000000000000000000000000000000000000000000000000000000                                                                                                                             
10499999         000001000006                                                                                                                                                                                                                   
