10400000         2829265510001450000000000000000000001070749108500000000MUNICIPIO DE BRACO DO NORTE   C ECON FEDERAL                          70402202612205900001204000000                    RET ONLINE-PRODUCAO               000            
10400011T0100030 20829265510001450000000000000000000001070749108500000000MUNICIPIO DE BRACO DO NORTE                                                                                   00000012040220260000000000                          00   
1040001300001T 460000004910850000000   14999000002908144412908144        060320260000000000767561360000002908144                  092097442461000156CLINORTE CLINICA DE FISIOTERAPIA LTDA             000000000000000040301                     
1040001300002U 46000000000000000000000000000000000000000000000000000000000000000000000076756000000000076756000000000000000000000000000000040220260502202600000000000000000000000000000000000000000000000000000000000000000000000000000000       
1040001300003T 460000004910850000000   14999000002908145212908145        060320260000000001459251360000002908145                  092097442461000156CLINORTE CLINICA DE FISIOTERAPIA LTDA             000000000000000040301                     
1040001300004U 46000000000000000000000000000000000000000000000000000000000000000000000145925000000000145925000000000000000000000000000000040220260502202600000000000000000000000000000000000000000000000000000000000000000000000000000000       
10400015         00000600000000000000000000000000000000000000000000000000000000000000000000000000000000000000000000                                                                                                                             
10499999         000001000008                                                                                                                                                                                                                   
