10400000         2829265510001450000000000000000000001070749108500000000MUNICIPIO DE BRACO DO NORTE   C ECON FEDERAL                          70402202611503500001004000000                    RET ONLINE-PRODUCAO               000            
10400011T0100030 20829265510001450000000000000000000001070749108500000000MUNICIPIO DE BRACO DO NORTE                                                                                   00000010040220260000000000                          00   
1040001300001T 460000004910850000000   14999000002923996012923996        040220260000000000247382370000002923996                  092007816318000194GATO 1 TRANSPORTES LTDA                           000000000000000040301                     
1040001300002U 46000000000000000000000000000000000000000000000000000000000000000000000024738000000000024738000000000000000000000000000000040220260502202600000000000000000000000000000000000000000000000000000000000000000000000000000000       
1040001300003T 460000004910850000000   14999000002923997812923997        040220260000000000244892370000002923997                  092007816318000194GATO 1 TRANSPORTES LTDA                           000000000000000040301                     
1040001300004U 46000000000000000000000000000000000000000000000000000000000000000000000024489000000000024489000000000000000000000000000000040220260502202600000000000000000000000000000000000000000000000000000000000000000000000000000000       
10400015         00000600000000000000000000000000000000000000000000000000000000000000000000000000000000000000000000                                                                                                                             
10499999         000001000008                                                                                                                                                                                                                   
