10400000         2829265510001450000000000000000000001070749108500000000MUNICIPIO DE BRACO DO NORTE   C ECON FEDERAL                          70402202614053200001704000000                    RET ONLINE-PRODUCAO               000            
10400011T0100030 20829265510001450000000000000000000001070749108500000000MUNICIPIO DE BRACO DO NORTE                                                                                   00000017040220260000000000                          00   
1040001300001T 460000004910850000000   14999000002906659312906659        090220260000000000243831040107002906659                  091000000371865905ISAAC PIRES DE OLIVEIRA                           000000000000000020101                     
1040001300002U 46000000000000000000000000004554000000000000000000000000000000000000000019829000000000019829000000000000000000000000000000040220260502202600000000000000000000000000000000000000000000000000000000000000000000000000000000       
1040001300003T 460000004910850000000   14999000002922289712922289        100220260000000000100001040107002922289                  092022770941000147MURILO COLONETTI BACK                             000000000000000060301                     
1040001300004U 46000000000000000000000000000000000000000000000000000000000000000000000010000000000000010000000000000000000000000000000000040220260502202600000000000000000000000000000000000000000000000000000000000000000000000000000000       
1040001300005T 460000004910850000000   14999000002934014812934014        050320260000000001284431040107002934014                  091000099990148953GISELLE SCHLICKAMNN                               000000000000000020101                     
1040001300006U 46000000000000000000000000000000000000000000000000000000000000000000000128443000000000128443000000000000000000000000000000040220260502202600000000000000000000000000000000000000000000000000000000000000000000000000000000       
10400015         00000800000000000000000000000000000000000000000000000000000000000000000000000000000000000000000000                                                                                                                             
10499999         000001000010                                                                                                                                                                                                                   
