10400000         2829265510001450000000000000000000001070749108500000000MUNICIPIO DE BRACO DO NORTE   C ECON FEDERAL                          70402202614201500001804000000                    RET ONLINE-PRODUCAO               000            
10400011T0100030 20829265510001450000000000000000000001070749108500000000MUNICIPIO DE BRACO DO NORTE                                                                                   00000018040220260000000000                          00   
1040001300001T 460000004910850000000   14999000002909959912909959        100220260000000003677010010000002909959                  092047960950036401MAGAZINE LUIZA S/A                                000000000000000040301                     
1040001300002U 46000000000000000000000000000000000000000000000000000000000000000000000367701000000000367701000000000000000000000000000000040220260502202600000000000000000000000000000000000000000000000000000000000000000000000000000000       
1040001300003T 460000004910850000000   14999000002934198512934198        040220260000000000418671040107002934198                  091000037852752934VALMIR VALERIANO DE ANDRADE                       000000000000000020101                     
1040001300004U 46000000000000000000000000009119000000000000000000000000000000000000000032748000000000032748000000000000000000000000000000040220260502202600000000000000000000000000000000000000000000000000000000000000000000000000000000       
10400015         00000600000000000000000000000000000000000000000000000000000000000000000000000000000000000000000000                                                                                                                             
10499999         000001000008                                                                                                                                                                                                                   
