10400000         2829265510001450000000000000000000001070749108500000000MUNICIPIO DE BRACO DO NORTE   C ECON FEDERAL                          70402202607061000000104000000                    RET ONLINE-PRODUCAO               000            
10400011T0100030 20829265510001450000000000000000000001070749108500000000MUNICIPIO DE BRACO DO NORTE                                                                                   00000001040220260000000000                          00   
1040001300001T 460000004910850000000   14999000002904342912904342        230220260000000000243967480000002904342                  092061896480000105ULTRALIGHT PRO IMPORTACAO E COMERCIO DE           000000000000000040301                     
1040001300002U 46000000000000000000000000000000000000000000000000000000000000000000000024396000000000024396000000000000000000000000000000040220260502202600000000000000000000000000000000000000000000000000000000000000000000000000000000       
1040001300003T 460000004910850000000   14999000002906139712906139        040220260000000000699167480000002906139                  092017168000000106TAFER METALURGICA LTDA                            000000000000000040301                     
1040001300004U 46000000000000000000000000014496000000000000000000000000000000000000000055420000000000055420000000000000000000000000000000040220260502202600000000000000000000000000000000000000000000000000000000000000000000000000000000       
10400015         00000600000000000000000000000000000000000000000000000000000000000000000000000000000000000000000000                                                                                                                             
10499999         000001000008                                                                                                                                                                                                                   
