10400000         2829265510001450000000000000000000001070749108500000000MUNICIPIO DE BRACO DO NORTE   C ECON FEDERAL                          70402202610053300000604000000                    RET ONLINE-PRODUCAO               000            
10400011T0100030 20829265510001450000000000000000000001070749108500000000MUNICIPIO DE BRACO DO NORTE                                                                                   00000006040220260000000000                          00   
1040001300001T 460000004910850000000   14999000002900343512900343        090220260000000002276581040107002900343                  091000077409434953DELSON MORAES                                     000000000000000620300                     
1040001300002U 46000000000000000000000000101937000000000000000000000000000000000000000125721000000000125721000000000000000000000000000000040220260402202600000000000000000000000000000000000000000000000000000000000000000000000000000000       
1040001300003T 460000004910850000000   14999000002900344312900344        090320260000000002288641040107002900344                  091000077409434953DELSON MORAES                                     000000000000000620300                     
1040001300004U 46000000000000000000000000101943000000000000000000000000000000000000000126921000000000126921000000000000000000000000000000040220260402202600000000000000000000000000000000000000000000000000000000000000000000000000000000       
1040001300005T 460000004910850000000   14999000002923061012923061        060320260000000000247651040107002923061                  092041801996000111CLINICA CIRURGICA ODONTOLOGICA BRACO DO           000000000000000020101                     
1040001300006U 46000000000000000000000000000000000000000000000000000000000000000000000024765000000000024765000000000000000000000000000000040220260502202600000000000000000000000000000000000000000000000000000000000000000000000000000000       
10400015         00000800000000000000000000000000000000000000000000000000000000000000000000000000000000000000000000                                                                                                                             
10499999         000001000010                                                                                                                                                                                                                   
