10400000         2829265510001450000000000000000000001070749108500000000MUNICIPIO DE BRACO DO NORTE   C ECON FEDERAL                          70402202618201900002704000000                    RET ONLINE-PRODUCAO               000            
10400011T0100030 20829265510001450000000000000000000001070749108500000000MUNICIPIO DE BRACO DO NORTE                                                                                   00000027040220260000000000                          00   
1040001300001T 460000004910850000000   14999000002924050012924050        040220260000000000025950850000002924050                  092007226874000100ARBORE ENGENHARIA E REFLORESTAMENTO LTDA          000000000000000040301                     
1040001300002U 46000000000000000000000000000000000000000000000000000000000000000000000002595000000000002595000000000000000000000000000000040220260502202600000000000000000000000000000000000000000000000000000000000000000000000000000000       
1040001300003T 460000004910850000000   14999000002924884512924884        190120280000000000648127560000002924884                  091000006829272955FERNANDA STAPAZZOLLI ROVEDA                       000000000000000040301                     
1040001300004U 46000000000000000000000000000000000000000000000000000000000000000000000064812000000000064812000000000000000000000000000000040220260502202600000000000000000000000000000000000000000000000000000000000000000000000000000000       
1040001300005T 460000004910850000000   14999000002924885312924885        200220260000000000130207560000002924885                  091000006829272955FERNANDA STAPAZZOLLI ROVEDA                       000000000000000040301                     
1040001300006U 46000000000000000000000000000000000000000000000000000000000000000000000013020000000000013020000000000000000000000000000000040220260502202600000000000000000000000000000000000000000000000000000000000000000000000000000000       
10400015         00000800000000000000000000000000000000000000000000000000000000000000000000000000000000000000000000                                                                                                                             
10499999         000001000010                                                                                                                                                                                                                   
