10400000         2829265510001450000000000000000000001070749108500000000MUNICIPIO DE BRACO DO NORTE   C ECON FEDERAL                          70402202617204100002304000000                    RET ONLINE-PRODUCAO               000            
10400011T0100030 20829265510001450000000000000000000001070749108500000000MUNICIPIO DE BRACO DO NORTE                                                                                   00000023040220260000000000                          00   
1040001300001T 460000004910850000000   14999000002924029112924029        040220260000000002207911360000002924029                  092060638083000170GARTEN HAUS SCP                                   000000000000000040301                     
1040001300002U 46000000000000000000000000000000000000000000000000000000000000000000000220791000000000220791000000000000000000000000000000040220260502202600000000000000000000000000000000000000000000000000000000000000000000000000000000       
1040001300003T 460000004910850000000   14999000002924042912924042        040220260000000000483497560000002924042                  092015625707000160SEBOLD AGRONEGOCIOS LTDA                          000000000000000040301                     
1040001300004U 46000000000000000000000000000000000000000000000000000000000000000000000048349000000000048349000000000000000000000000000000040220260502202600000000000000000000000000000000000000000000000000000000000000000000000000000000       
1040001300005T 460000004910850000000   14999000002934317112934317        040320260000000000077537480000002934317                  091000007384312906ADRIELLI APARECIDA CARDOSO DOS SANTOS             000000000000000040301                     
1040001300006U 46000000000000000000000000000000000000000000000000000000000000000000000007753000000000007753000000000000000000000000000000040220260502202600000000000000000000000000000000000000000000000000000000000000000000000000000000       
10400015         00000800000000000000000000000000000000000000000000000000000000000000000000000000000000000000000000                                                                                                                             
10499999         000001000010                                                                                                                                                                                                                   
