10400000         2829265510001450000000000000000000001070749108500000000MUNICIPIO DE BRACO DO NORTE   C ECON FEDERAL                          70402202616371500002204000000                    RET ONLINE-PRODUCAO               000            
10400011T0100030 20829265510001450000000000000000000001070749108500000000MUNICIPIO DE BRACO DO NORTE                                                                                   00000022040220260000000000                          00   
1040001300001T 460000004910850000000   14999000002930322612930322        040220260000000000698440850000002930322                  092035653808000152ASCARI CONSTRUCOES LTDA                           000000000000000040301                     
1040001300002U 46000000000000000000000000000000000000000000000000000000000000000000000069844000000000069844000000000000000000000000000000040220260502202600000000000000000000000000000000000000000000000000000000000000000000000000000000       
1040001300003T 460000004910850000000   14999000002930611012930611        010320260000000000389191040107002930611                  092026165617000150SANTA ROSA DE LIMA LOTEAMENTOS LTDA               000000000000000620300                     
1040001300004U 46000000000000000000000000000000000000000000000000000000000000000000000038919000000000038919000000000000000000000000000000040220260402202600000000000000000000000000000000000000000000000000000000000000000000000000000000       
1040001300005T 460000004910850000000   14999000002934214012934214        060220260000000000379951040107002934214                  091000034233156953ESPOLIO DE BENICIO EFFTING                        000000000000000610300                     
1040001300006U 46000000000000000000000000009119000000000000000000000000000000000000000028876000000000028876000000000000000000000000000000040220260402202600000000000000000000000000000000000000000000000000000000000000000000000000000000       
10400015         00000800000000000000000000000000000000000000000000000000000000000000000000000000000000000000000000                                                                                                                             
10499999         000001000010                                                                                                                                                                                                                   
