10400000         2829265510001450000000000000000000001070749108500000000MUNICIPIO DE BRACO DO NORTE   C ECON FEDERAL                          70402202617502900002504000000                    RET ONLINE-PRODUCAO               000            
10400011T0100030 20829265510001450000000000000000000001070749108500000000MUNICIPIO DE BRACO DO NORTE                                                                                   00000025040220260000000000                          00   
1040001300001T 460000004910850000000   14999000002916432312916432        260220260000000000546602370000002916432                  091000096658401934EDSON PEDRO ECKHARDT                              000000000000000040101                     
1040001300002U 46000000000000000000000000021282000000000000000000000000000000000000000033378000000000033378000000000000000000000000000000040220260502202600000000000000000000000000000000000000000000000000000000000000000000000000000000       
1040001300003T 460000004910850000000   14999000002924032112924032        040220260000000001994360010000002924032                  092078324514000190GAIDZINSKI EQUIPAMENTOS LTDA                      000000000000000040301                     
1040001300004U 46000000000000000000000000000000000000000000000000000000000000000000000199436000000000199436000000000000000000000000000000040220260502202600000000000000000000000000000000000000000000000000000000000000000000000000000000       
10400015         00000600000000000000000000000000000000000000000000000000000000000000000000000000000000000000000000                                                                                                                             
10499999         000001000008                                                                                                                                                                                                                   
