10400000         2829265510001450000000000000000000001070749108500000000MUNICIPIO DE BRACO DO NORTE   C ECON FEDERAL                          70402202615502500001904000000                    RET ONLINE-PRODUCAO               000            
10400011T0100030 20829265510001450000000000000000000001070749108500000000MUNICIPIO DE BRACO DO NORTE                                                                                   00000019040220260000000000                          00   
1040001300001T 460000004910850000000   14999000002920219512920219        060220260000000001745211040107002920219                  091000087065037991GILVANI BERTIER ALBERTON                          000000000000000020101                     
1040001300002U 46000000000000000000000000000000000000000000000000000000000000000000000174521000000000174521000000000000000000000000000000040220260502202600000000000000000000000000000000000000000000000000000000000000000000000000000000       
1040001300003T 460000004910850000000   14999000002923992712923992        040220260000000000123427560000002923992                  092014420963000159EMBUTIDOS BIANCA LTDA                             000000000000000040301                     
1040001300004U 46000000000000000000000000000000000000000000000000000000000000000000000012342000000000012342000000000000000000000000000000040220260502202600000000000000000000000000000000000000000000000000000000000000000000000000000000       
10400015         00000600000000000000000000000000000000000000000000000000000000000000000000000000000000000000000000                                                                                                                             
10499999         000001000008                                                                                                                                                                                                                   
