10400000         2829265510001450000000000000000000001070749108500000000MUNICIPIO DE BRACO DO NORTE   C ECON FEDERAL                          70402202611204900000804000000                    RET ONLINE-PRODUCAO               000            
10400011T0100030 20829265510001450000000000000000000001070749108500000000MUNICIPIO DE BRACO DO NORTE                                                                                   00000008040220260000000000                          00   
1040001300001T 460000004910850000000   14999000002903020312903020        160220260000000000265172370000002903020                  092051214452000107STROMBERG SERVICOS LTDA                           000000000000000040301                     
1040001300002U 46000000000000000000000000008176000000000000000000000000000000000000000018341000000000018341000000000000000000000000000000040220260502202600000000000000000000000000000000000000000000000000000000000000000000000000000000       
1040001300003T 460000004910850000000   14999000002906363212906363        050220260000000000181591040107002906363                  092002915738000104J. S.  ADMINISTRACAO DE BENS MOVEIS E IM          000000000000000060301                     
1040001300004U 46000000000000000000000000003380000000000000000000000000000000000000000014779000000000014779000000000000000000000000000000040220260502202600000000000000000000000000000000000000000000000000000000000000000000000000000000       
10400015         00000600000000000000000000000000000000000000000000000000000000000000000000000000000000000000000000                                                                                                                             
10499999         000001000008                                                                                                                                                                                                                   
