10400000         2829265510001450000000000000000000001070749108500000000MUNICIPIO DE BRACO DO NORTE   C ECON FEDERAL                          70402202607201200000204000000                    RET ONLINE-PRODUCAO               000            
10400011T0100030 20829265510001450000000000000000000001070749108500000000MUNICIPIO DE BRACO DO NORTE                                                                                   00000002040220260000000000                          00   
1040001300001T 460000004910850000000   14999000002911547012911547        040220260000000003155030010107002911547                  091000000823025969ALINE PACHECO BECKER                              000000000000000620300                     
1040001300002U 46000000000000000000000000133697000000000000000000000000000000000000000181806000000000181806000000000000000000000000000000040220260402202600000000000000000000000000000000000000000000000000000000000000000000000000000000       
10400015         00000400000000000000000000000000000000000000000000000000000000000000000000000000000000000000000000                                                                                                                             
10499999         000001000006                                                                                                                                                                                                                   
