10400000         2829265510001450000000000000000000001070749108500000000MUNICIPIO DE BRACO DO NORTE   C ECON FEDERAL                          70402202612363400001304000000                    RET ONLINE-PRODUCAO               000            
10400011T0100030 20829265510001450000000000000000000001070749108500000000MUNICIPIO DE BRACO DO NORTE                                                                                   00000013040220260000000000                          00   
1040001300001T 460000004910850000000   14999000002895980212895980        160220260000000002864151040107002895980                  091000006093514943GRASIELY MEDEIROS ORBEM                           000000000000000060301                     
1040001300002U 46000000000000000000000000105772000000000000000000000000000000000000000180643000000000180643000000000000000000000000000000040220260502202600000000000000000000000000000000000000000000000000000000000000000000000000000000       
10400015         00000400000000000000000000000000000000000000000000000000000000000000000000000000000000000000000000                                                                                                                             
10499999         000001000006                                                                                                                                                                                                                   
