10400000         2829265510001450000000000000000000001070749108500000000MUNICIPIO DE BRACO DO NORTE   C ECON FEDERAL                          70402202616202300002104000000                    RET ONLINE-PRODUCAO               000            
10400011T0100030 20829265510001450000000000000000000001070749108500000000MUNICIPIO DE BRACO DO NORTE                                                                                   00000021040220260000000000                          00   
1040001300001T 460000004910850000000   14999000002930212212930212        100220260000000000198833410000002930212                  092030227267000187KANGU TRANSPORTES LTDA                            000000000000000040301                     
1040001300002U 46000000000000000000000000000000000000000000000000000000000000000000000019883000000000019883000000000000000000000000000000040220260502202600000000000000000000000000000000000000000000000000000000000000000000000000000000       
10400015         00000400000000000000000000000000000000000000000000000000000000000000000000000000000000000000000000                                                                                                                             
10499999         000001000006                                                                                                                                                                                                                   
