10400000         2829265510001450000000000000000000001070749108500000000MUNICIPIO DE BRACO DO NORTE   C ECON FEDERAL                          70402202611370400000904000000                    RET ONLINE-PRODUCAO               000            
10400011T0100030 20829265510001450000000000000000000001070749108500000000MUNICIPIO DE BRACO DO NORTE                                                                                   00000009040220260000000000                          00   
1040001300001T 460000004910850000000   14999000002919096012919096        040220260000000000247242600000002919096                  091000004996403900ELOI MARON IAGAS                                  000000000000000040401                     
1040001300002U 46000000000000000000000000000000000000000000000000000000000000000000000024724000000000024724000000000000000000000000000000040220260502202600000000000000000000000000000000000000000000000000000000000000000000000000000000       
1040001300003T 460000004910850000000   14999000002930615212930615        100220260000000000357031040107002930615                  091000051382881991JOAO PEREIRA REDIVO                               000000000000000020101                     
1040001300004U 46000000000000000000000000000000000000000000000000000000000000000000000035703000000000035703000000000000000000000000000000040220260502202600000000000000000000000000000000000000000000000000000000000000000000000000000000       
10400015         00000600000000000000000000000000000000000000000000000000000000000000000000000000000000000000000000                                                                                                                             
10499999         000001000008                                                                                                                                                                                                                   
