10400000         2829265510001450000000000000000000001070749108500000000MUNICIPIO DE BRACO DO NORTE   C ECON FEDERAL                          70402202612054200001104000000                    RET ONLINE-PRODUCAO               000            
10400011T0100030 20829265510001450000000000000000000001070749108500000000MUNICIPIO DE BRACO DO NORTE                                                                                   00000011040220260000000000                          00   
1040001300001T 460000004910850000000   14999000002900550012900550        090220260000000001394151040107002900550                  091000079617778904VILMOR DELLA GIUSTINA                             000000000000000060301                     
1040001300002U 46000000000000000000000000058285000000000000000000000000000000000000000081130000000000081130000000000000000000000000000000040220260502202600000000000000000000000000000000000000000000000000000000000000000000000000000000       
1040001300003T 460000004910850000000   14999000002900551912900551        090320260000000001401951040107002900551                  091000079617778904VILMOR DELLA GIUSTINA                             000000000000000060301                     
1040001300004U 46000000000000000000000000058294000000000000000000000000000000000000000081901000000000081901000000000000000000000000000000040220260502202600000000000000000000000000000000000000000000000000000000000000000000000000000000       
1040001300005T 460000004910850000000   14999000002914630912914630        060320260000000002260532370000002914630                  092008362696000108ULIANO   WOSS DESPACHANTE E CORRETORA DE          000000000000000040301                     
1040001300006U 46000000000000000000000000000000000000000000000000000000000000000000000226053000000000226053000000000000000000000000000000040220260502202600000000000000000000000000000000000000000000000000000000000000000000000000000000       
1040001300007T 460000004910850000000   14999000002930685312930685        300420260000000002915230010000002930685                  091000060097361968VOLVINHO MEURER                                   000000000000000040301                     
1040001300008U 46000000000000000000000000000000000000000000000000000000000000000000000291523000000000291523000000000000000000000000000000040220260502202600000000000000000000000000000000000000000000000000000000000000000000000000000000       
10400015         00001000000000000000000000000000000000000000000000000000000000000000000000000000000000000000000000                                                                                                                             
10499999         000001000012                                                                                                                                                                                                                   
