10400000         2829265510001450000000000000000000001070749108500000000MUNICIPIO DE BRACO DO NORTE   C ECON FEDERAL                          70902202616082400004704000000                    RET ONLINE-PRODUCAO               000            
10400011T0100030 20829265510001450000000000000000000001070749108500000000MUNICIPIO DE BRACO DO NORTE                                                                                   00000047090220260000000000                          00   
1040001300001T 460000004910850000000   14999000002893762012893762        090220260000000000297911040107002893762                  091000071275894968ESPOLIO DE MARIA JOANA PRA                        000000000000000020101                     
1040001300002U 46000000000000000000000000007215000000000000000000000000000000000000000022576000000000022576000000000000000000000000000000090220261002202600000000000000000000000000000000000000000000000000000000000000000000000000000000       
1040001300003T 460000004910850000000   14999000002893770112893770        090220260000000000236811040107002893770                  091000081815409991CLEONICE PRA BUSS                                 000000000000000020101                     
1040001300004U 46000000000000000000000000005737000000000000000000000000000000000000000017944000000000017944000000000000000000000000000000090220261002202600000000000000000000000000000000000000000000000000000000000000000000000000000000       
1040001300005T 460000004910850000000   14999000002894264012894264        100220260000000000415017560000002894264                  091000037533100930DANILO DA SILVA MARCILIO                          000000000000000040301                     
1040001300006U 46000000000000000000000000009237000000000000000000000000000000000000000032264000000000032264000000000000000000000000000000090220261002202600000000000000000000000000000000000000000000000000000000000000000000000000000000       
1040001300007T 460000004910850000000   14999000002919091012919091        040320260000000000246172370000002919091                  091000004205756933OLGA DA SILVA ALVES                               000000000000000040101                     
1040001300008U 46000000000000000000000000000000000000000000000000000000000000000000000024617000000000024617000000000000000000000000000000090220261002202600000000000000000000000000000000000000000000000000000000000000000000000000000000       
1040001300009T 460000004910850000000   14999000002922268412922268        100220260000000000641452370000002922268                  092007361957000102COMCRED FOMENTO MERCANTIL LTDA                    000000000000000040301                     
1040001300010U 46000000000000000000000000000000000000000000000000000000000000000000000064145000000000064145000000000000000000000000000000090220261002202600000000000000000000000000000000000000000000000000000000000000000000000000000000       
1040001300011T 460000004910850000000   14999000002922424512922424        100220260000000003513487560000002922424                  092014524108000198RAFAEL AUTOMOVEIS LTDA                            000000000000000040301                     
1040001300012U 46000000000000000000000000000000000000000000000000000000000000000000000351348000000000351348000000000000000000000000000000090220261002202600000000000000000000000000000000000000000000000000000000000000000000000000000000       
1040001300013T 460000004910850000000   14999000002924547112924547        090220260000000000148137560000002924547                  092045423812000188ASTRUM SOLAR ENERGIA LTDA                         000000000000000040301                     
1040001300014U 46000000000000000000000000000000000000000000000000000000000000000000000014813000000000014813000000000000000000000000000000090220261002202600000000000000000000000000000000000000000000000000000000000000000000000000000000       
10400015         00001600000000000000000000000000000000000000000000000000000000000000000000000000000000000000000000                                                                                                                             
10499999         000001000018                                                                                                                                                                                                                   
