10400000         2829265510001450000000000000000000001070749108500000000MUNICIPIO DE BRACO DO NORTE   C ECON FEDERAL                          70902202610375900002904000000                    RET ONLINE-PRODUCAO               000            
10400011T0100030 20829265510001450000000000000000000001070749108500000000MUNICIPIO DE BRACO DO NORTE                                                                                   00000029090220260000000000                          00   
1040001300001T 460000004910850000000   14999000002892217812892217        200220260000000000200061040107002892217                  092016603390000124JUNIOR DA SILVA LTDA                              000000000000000620300                     
1040001300002U 46000000000000000000000000000000000000000000000000000000000000000000000020006000000000020006000000000000000000000000000000090220260902202600000000000000000000000000000000000000000000000000000000000000000000000000000000       
1040001300003T 460000004910850000000   14999000002897417812897417        190220260000000000925141040107002897417                  091000053424042900AIRTON FELIPE                                     000000000000000020101                     
1040001300004U 46000000000000000000000000025205000000000000000000000000000000000000000067309000000000067309000000000000000000000000000000090220261002202600000000000000000000000000000000000000000000000000000000000000000000000000000000       
1040001300005T 460000004910850000000   14999000002901589112901589        090220260000000000256270850000002901589                  092007226874000100ARBORE ENGENHARIA E REFLORESTAMENTO LTDA          000000000000000040301                     
1040001300006U 46000000000000000000000000005021000000000000000000000000000000000000000020606000000000020606000000000000000000000000000000090220261002202600000000000000000000000000000000000000000000000000000000000000000000000000000000       
1040001300007T 460000004910850000000   14999000002914063712914063        170220260000000001434581040107002914063                  091000022386270904JOSE QUERINO ELISEU DEMETRIO                      000000000000000020101                     
1040001300008U 46000000000000000000000000028231000000000000000000000000000000000000000115227000000000115227000000000000000000000000000000090220261002202600000000000000000000000000000000000000000000000000000000000000000000000000000000       
10400015         00001000000000000000000000000000000000000000000000000000000000000000000000000000000000000000000000                                                                                                                             
10499999         000001000012                                                                                                                                                                                                                   
