10400000         2829265510001450000000000000000000001070749108500000000MUNICIPIO DE BRACO DO NORTE   C ECON FEDERAL                          70902202619510500006104000000                    RET ONLINE-PRODUCAO               000            
10400011T0100030 20829265510001450000000000000000000001070749108500000000MUNICIPIO DE BRACO DO NORTE                                                                                   00000061090220260000000000                          00   
1040001300001T 460000004910850000000   14999000002901517412901517        090220260000000000826412370000002901517                  092052060722000135SANTOS TECIDOS E SERVICOS PARA URNAS FUN          000000000000000040301                     
1040001300002U 46000000000000000000000000018176000000000000000000000000000000000000000064465000000000064465000000000000000000000000000000090220261002202600000000000000000000000000000000000000000000000000000000000000000000000000000000       
1040001300003T 460000004910850000000   14999000002934819012934819        100220260000000001120710010000002934819                  092076276849000154MINISTERIO PUBLICO DO ESTADO DE SANTA CA          000000000000000040301                     
1040001300004U 46000000000000000000000000000000000000000000000000000000000000000000000112071000000000112071000000000000000000000000000000090220261002202600000000000000000000000000000000000000000000000000000000000000000000000000000000       
10400015         00000600000000000000000000000000000000000000000000000000000000000000000000000000000000000000000000                                                                                                                             
10499999         000001000008                                                                                                                                                                                                                   
