10400000         2829265510001450000000000000000000001070749108500000000MUNICIPIO DE BRACO DO NORTE   C ECON FEDERAL                          70902202612222800003504000000                    RET ONLINE-PRODUCAO               000            
10400011T0100030 20829265510001450000000000000000000001070749108500000000MUNICIPIO DE BRACO DO NORTE                                                                                   00000035090220260000000000                          00   
1040001300001T 460000004910850000000   14999000002893801512893801        090220260000000005704437560000002893801                  091000002141223954ODAIR MARCELINO FERREIRA                          000000000000000040301                     
1040001300002U 46000000000000000000000000231797000000000000000000000000000000000000000338646000000000338646000000000000000000000000000000090220261002202600000000000000000000000000000000000000000000000000000000000000000000000000000000       
1040001300003T 460000004910850000000   14999000002893811212893811        090220260000000011137447560000002893811                  092023822379000110ODAIR MARCELINO FERREIRA                          000000000000000040301                     
1040001300004U 46000000000000000000000000465213000000000000000000000000000000000000000648531000000000648531000000000000000000000000000000090220261002202600000000000000000000000000000000000000000000000000000000000000000000000000000000       
1040001300005T 460000004910850000000   14999000002900371012900371        090220260000000000413947560000002900371                  091000077740378968BERTILO VANDERLINDE                               000000000000000040301                     
1040001300006U 46000000000000000000000000000000000000000000000000000000000000000000000041394000000000041394000000000000000000000000000000090220261002202600000000000000000000000000000000000000000000000000000000000000000000000000000000       
1040001300007T 460000004910850000000   14999000002922245512922245        100220260000000009383990010000002922245                  092002063330000151CLINICA RAD.DR ENEAS PAULO A DA ROCHA LT          000000000000000040301                     
1040001300008U 46000000000000000000000000000000000000000000000000000000000000000000000938399000000000938399000000000000000000000000000000090220261002202600000000000000000000000000000000000000000000000000000000000000000000000000000000       
1040001300009T 460000004910850000000   14999000002922437712922437        100220260000000000021600010000002922437                  092002063330000151CLINICA RAD.DR ENEAS PAULO A DA ROCHA LT          000000000000000040301                     
1040001300010U 46000000000000000000000000000000000000000000000000000000000000000000000002160000000000002160000000000000000000000000000000090220261002202600000000000000000000000000000000000000000000000000000000000000000000000000000000       
1040001300011T 460000004910850000000   14999000002924338012924338        090220260000000000045827560000002924338                  092062291510000112MATOS   CIA TRANSPORTES E TURISMO LTDA            000000000000000040301                     
1040001300012U 46000000000000000000000000000000000000000000000000000000000000000000000004582000000000004582000000000000000000000000000000090220261002202600000000000000000000000000000000000000000000000000000000000000000000000000000000       
1040001300013T 460000004910850000000   14999000002934853012934853        100220260000000000321047480000002934853                  092003793242001573COOP  CREDITO  POUPANCA E INVEST DO SUL           000000000000000040301                     
1040001300014U 46000000000000000000000000000000000000000000000000000000000000000000000032104000000000032104000000000000000000000000000000090220261002202600000000000000000000000000000000000000000000000000000000000000000000000000000000       
10400015         00001600000000000000000000000000000000000000000000000000000000000000000000000000000000000000000000                                                                                                                             
10499999         000001000018                                                                                                                                                                                                                   
