10400000         2829265510001450000000000000000000001070749108500000000MUNICIPIO DE BRACO DO NORTE   C ECON FEDERAL                          70702202610053600000504000000                    RET ONLINE-PRODUCAO               000            
10400011T0100030 20829265510001450000000000000000000001070749108500000000MUNICIPIO DE BRACO DO NORTE                                                                                   00000005070220260000000000                          00   
1040001300001T 460000004910850000000   14999000002897098912897098        180220260000000000213860010000002897098                  092052093194000110C B COMERCIAL LTDA                                000000000000000040301                     
1040001300002U 46000000000000000000000000004590000000000000000000000000000000000000000016796000000000016796000000000000000000000000000000090220261002202600000000000000000000000000000000000000000000000000000000000000000000000000000000       
10400015         00000400000000000000000000000000000000000000000000000000000000000000000000000000000000000000000000                                                                                                                             
10499999         000001000006                                                                                                                                                                                                                   
