10400000         2829265510001450000000000000000000001070749108500000000MUNICIPIO DE BRACO DO NORTE   C ECON FEDERAL                          70902202616512900005004000000                    RET ONLINE-PRODUCAO               000            
10400011T0100030 20829265510001450000000000000000000001070749108500000000MUNICIPIO DE BRACO DO NORTE                                                                                   00000050090220260000000000                          00   
1040001300001T 460000004910850000000   14999000002893271812893271        090220260000000000838311040107002893271                  091000001522153950MICHELE APARECIDA CORREA                          000000000000000620300                     
1040001300002U 46000000000000000000000000022946000000000000000000000000000000000000000060885000000000060885000000000000000000000000000000090220260902202600000000000000000000000000000000000000000000000000000000000000000000000000000000       
1040001300003T 460000004910850000000   14999000002893289012893289        090220260000000000321581040107002893289                  091000003554510939EVERALDO DA SILVA FERREIRA                        000000000000000620300                     
1040001300004U 46000000000000000000000000008735000000000000000000000000000000000000000023423000000000023423000000000000000000000000000000090220260902202600000000000000000000000000000000000000000000000000000000000000000000000000000000       
1040001300005T 460000004910850000000   14999000002894254312894254        100220260000000001077421040107002894254                  091000034233121904ESPOLIO DE ANDRE MARTINS                          000000000000000020101                     
1040001300006U 46000000000000000000000000050389000000000000000000000000000000000000000057353000000000057353000000000000000000000000000000090220261002202600000000000000000000000000000000000000000000000000000000000000000000000000000000       
1040001300007T 460000004910850000000   14999000002909373612909373        090220260000000000346557560000002909373                  091000047253835972SALESIO DUTRA                                     000000000000000040301                     
1040001300008U 46000000000000000000000000009029000000000000000000000000000000000000000025626000000000025626000000000000000000000000000000090220261002202600000000000000000000000000000000000000000000000000000000000000000000000000000000       
1040001300009T 460000004910850000000   14999000002911934412911934        090220260000000003680431040107002911934                  092005967469000118EJ7 SERVICOS LTDA                                 000000000000000020101                     
1040001300010U 46000000000000000000000000145051000000000000000000000000000000000000000222992000000000222992000000000000000000000000000000090220261002202600000000000000000000000000000000000000000000000000000000000000000000000000000000       
1040001300011T 460000004910850000000   14999000002918153812918153        260220260000000000355651040107002918153                  091000079931200987ESPOLIO ANDERSON MARCELINO VOSS                   000000000000000020101                     
1040001300012U 46000000000000000000000000009495000000000000000000000000000000000000000026070000000000026070000000000000000000000000000000090220261002202600000000000000000000000000000000000000000000000000000000000000000000000000000000       
1040001300013T 460000004910850000000   14999000002920224112920224        070220260000000003599991040107002920224                  091000067130372915ETI GALVANI ULIANO                                000000000000000020101                     
1040001300014U 46000000000000000000000000000000000000000000000000000000000000000000000359999000000000359999000000000000000000000000000000090220261002202600000000000000000000000000000000000000000000000000000000000000000000000000000000       
1040001300015T 460000004910850000000   14999000002924607912924607        090220260000000000225651330000002924607                  092042275977000161BRUNA BERNARDINO CORREA                           000000000000000040301                     
1040001300016U 46000000000000000000000000000000000000000000000000000000000000000000000022565000000000022565000000000000000000000000000000090220261002202600000000000000000000000000000000000000000000000000000000000000000000000000000000       
1040001300017T 460000004910850000000   14999000002930196712930196        100220260000000000029337560000002930196                  092001675209000118EDIO DELLA GIUSTINA LTDA                          000000000000000040101                     
1040001300018U 46000000000000000000000000000000000000000000000000000000000000000000000002933000000000002933000000000000000000000000000000090220261002202600000000000000000000000000000000000000000000000000000000000000000000000000000000       
1040001300019T 460000004910850000000   14999000002935423812935423        090220260000000000117237480000002935423                  092031594119000163JUNKES SERVICOS MEDICOS SS LTDA                   000000000000000040301                     
1040001300020U 46000000000000000000000000000000000000000000000000000000000000000000000011723000000000011723000000000000000000000000000000090220261002202600000000000000000000000000000000000000000000000000000000000000000000000000000000       
10400015         00002200000000000000000000000000000000000000000000000000000000000000000000000000000000000000000000                                                                                                                             
10499999         000001000024                                                                                                                                                                                                                   
