10400000         2829265510001450000000000000000000001070749108500000000MUNICIPIO DE BRACO DO NORTE   C ECON FEDERAL                          70902202615222100004404000000                    RET ONLINE-PRODUCAO               000            
10400011T0100030 20829265510001450000000000000000000001070749108500000000MUNICIPIO DE BRACO DO NORTE                                                                                   00000044090220260000000000                          00   
1040001300001T 460000004910850000000   14999000002901529812901529        090220260000000017549577560000002901529                  091000044281196900IRENE SCHMITZ SCHUELTER                           000000000000000040301                     
1040001300002U 46000000000000000000000000742198000000000000000000000000000000000000001012759000000001012759000000000000000000000000000000090220261002202600000000000000000000000000000000000000000000000000000000000000000000000000000000       
1040001300003T 460000004910850000000   14999000002912772012912772        090220260000000002569831040107002912772                  091000022396640968DIOMARIO DE OLIVEIRA WALTER                       000000000000000060301                     
1040001300004U 46000000000000000000000000067872000000000000000000000000000000000000000189111000000000189111000000000000000000000000000000090220261002202600000000000000000000000000000000000000000000000000000000000000000000000000000000       
1040001300005T 460000004910850000000   14999000002924521812924521        130220260000000000110332600000002924521                  091000070535418949ELIZABETH VANDRESEN MACHADO                       000000000000000040301                     
1040001300006U 46000000000000000000000000000000000000000000000000000000000000000000000011033000000000011033000000000000000000000000000000090220261002202600000000000000000000000000000000000000000000000000000000000000000000000000000000       
1040001300007T 460000004910850000000   14999000002924529312924529        080620260000000000508171040107002924529                  091000024977187920WILSON LUIZ HOBOLD                                000000000000000060301                     
1040001300008U 46000000000000000000000000000000000000000000000000000000000000000000000050817000000000050817000000000000000000000000000000090220261002202600000000000000000000000000000000000000000000000000000000000000000000000000000000       
1040001300009T 460000004910850000000   14999000002924530712924530        080620260000000000545281040107002924530                  091000024977187920WILSON LUIZ HOBOLD                                000000000000000060301                     
1040001300010U 46000000000000000000000000000000000000000000000000000000000000000000000054528000000000054528000000000000000000000000000000090220261002202600000000000000000000000000000000000000000000000000000000000000000000000000000000       
1040001300011T 460000004910850000000   14999000002924531512924531        080620260000000000160987480000002924531                  092042236584000149BNM URBANIZACAO LTDA                              000000000000000040301                     
1040001300012U 46000000000000000000000000000000000000000000000000000000000000000000000016098000000000016098000000000000000000000000000000090220261002202600000000000000000000000000000000000000000000000000000000000000000000000000000000       
1040001300013T 460000004910850000000   14999000002924533112924533        080620260000000000020477480000002924533                  091000005942599912JULIANO BUSS WIGGERS                              000000000000000040301                     
1040001300014U 46000000000000000000000000000000000000000000000000000000000000000000000002047000000000002047000000000000000000000000000000090220261002202600000000000000000000000000000000000000000000000000000000000000000000000000000000       
1040001300015T 460000004910850000000   14999000002935436012935436        160220260000000000117232600000002935436                  09206369236500014463.692.365 VICTOR BITENCOURT DA SILVA             000000000000000040301                     
1040001300016U 46000000000000000000000000000000000000000000000000000000000000000000000011723000000000011723000000000000000000000000000000090220261002202600000000000000000000000000000000000000000000000000000000000000000000000000000000       
10400015         00001800000000000000000000000000000000000000000000000000000000000000000000000000000000000000000000                                                                                                                             
10499999         000001000020                                                                                                                                                                                                                   
