10400000         2829265510001450000000000000000000001070749108500000000MUNICIPIO DE BRACO DO NORTE   C ECON FEDERAL                          70702202610201900000604000000                    RET ONLINE-PRODUCAO               000            
10400011T0100030 20829265510001450000000000000000000001070749108500000000MUNICIPIO DE BRACO DO NORTE                                                                                   00000006070220260000000000                          00   
1040001300001T 460000004910850000000   14999000002914077712914077        160220260000000002356490010107002914077                  091000034342524953ESPOLIO DE GETULIO JOAO MAIER                     000000000000000620300                     
1040001300002U 46000000000000000000000000092085000000000000000000000000000000000000000143564000000000143564000000000000000000000000000000090220260902202600000000000000000000000000000000000000000000000000000000000000000000000000000000       
1040001300003T 460000004910850000000   14999000002923081412923081        120220260000000000314622370000002923081                  091000050961411953BERTILO SCHULZ                                    000000000000000040101                     
1040001300004U 46000000000000000000000000000000000000000000000000000000000000000000000031462000000000031462000000000000000000000000000000090220261002202600000000000000000000000000000000000000000000000000000000000000000000000000000000       
10400015         00000600000000000000000000000000000000000000000000000000000000000000000000000000000000000000000000                                                                                                                             
10499999         000001000008                                                                                                                                                                                                                   
