10400000         2829265510001450000000000000000000001070749108500000000MUNICIPIO DE BRACO DO NORTE   C ECON FEDERAL                          70902202609514000002604000000                    RET ONLINE-PRODUCAO               000            
10400011T0100030 20829265510001450000000000000000000001070749108500000000MUNICIPIO DE BRACO DO NORTE                                                                                   00000026090220260000000000                          00   
1040001300001T 460000004910850000000   14999000002896723612896723        170220260000000000794331040107002896723                  091000055062598915ESPOLIO DE ALVINA FERREIRA                        000000000000000020101                     
1040001300002U 46000000000000000000000000016827000000000000000000000000000000000000000062606000000000062606000000000000000000000000000000090220261002202600000000000000000000000000000000000000000000000000000000000000000000000000000000       
1040001300003T 460000004910850000000   14999000002934212412934212        090220260000000000230421040107002934212                  091000063245825900ESPOLIO DE TERESINHA OLIVEIRA DAMIAO              000000000000000020101                     
1040001300004U 46000000000000000000000000004313000000000000000000000000000000000000000018729000000000018729000000000000000000000000000000090220261002202600000000000000000000000000000000000000000000000000000000000000000000000000000000       
1040001300005T 460000004910850000000   14999000002934213212934213        090220260000000000229021040107002934213                  091000063245825900ESPOLIO DE TERESINHA OLIVEIRA DAMIAO              000000000000000020101                     
1040001300006U 46000000000000000000000000004313000000000000000000000000000000000000000018589000000000018589000000000000000000000000000000090220261002202600000000000000000000000000000000000000000000000000000000000000000000000000000000       
10400015         00000800000000000000000000000000000000000000000000000000000000000000000000000000000000000000000000                                                                                                                             
10499999         000001000010                                                                                                                                                                                                                   
