10400000         2829265510001450000000000000000000001070749108500000000MUNICIPIO DE BRACO DO NORTE   C ECON FEDERAL                          70902202617365700005304000000                    RET ONLINE-PRODUCAO               000            
10400011T0100030 20829265510001450000000000000000000001070749108500000000MUNICIPIO DE BRACO DO NORTE                                                                                   00000053090220260000000000                          00   
1040001300001T 460000004910850000000   14999000002915223612915223        230220260000000000218081040107002915223                  091000055098967953SAUL FLORIANO LAURENTINO                          000000000000000020101                     
1040001300002U 46000000000000000000000000005807000000000000000000000000000000000000000016001000000000016001000000000000000000000000000000090220261002202600000000000000000000000000000000000000000000000000000000000000000000000000000000       
1040001300003T 460000004910850000000   14999000002922270612922270        100220260000000000328951040107002922270                  092004972095000166SAMURAI PARTICIPACAOES LTDA                       000000000000000020101                     
1040001300004U 46000000000000000000000000000000000000000000000000000000000000000000000032895000000000032895000000000000000000000000000000090220261002202600000000000000000000000000000000000000000000000000000000000000000000000000000000       
1040001300005T 460000004910850000000   14999000002922309512922309        100220260000000001935491360000002922309                  092022827872000160REALIZA MULTIMARCAS LTDA                          000000000000000040301                     
1040001300006U 46000000000000000000000000000000000000000000000000000000000000000000000193549000000000193549000000000000000000000000000000090220261002202600000000000000000000000000000000000000000000000000000000000000000000000000000000       
1040001300007T 460000004910850000000   14999000002922413012922413        100220260000000000383490010000002922413                  092086430576000538AGROWERNER COMERCIO DE MAQUINAS E IMPLEM          000000000000000040301                     
1040001300008U 46000000000000000000000000000000000000000000000000000000000000000000000038349000000000038349000000000000000000000000000000090220261002202600000000000000000000000000000000000000000000000000000000000000000000000000000000       
1040001300009T 460000004910850000000   14999000002924031312924031        100220260000000001138791360000002924031                  092054027609000183CENTRO DE AVALIACAO MEDICO DE CONDUTORES          000000000000000040301                     
1040001300010U 46000000000000000000000000000000000000000000000000000000000000000000000113879000000000113879000000000000000000000000000000090220261002202600000000000000000000000000000000000000000000000000000000000000000000000000000000       
1040001300011T 460000004910850000000   14999000002930331512930331        100220260000000000003330010000002930331                  092003777341052042SERVICO SOCIAL DA INDUSTRIA                       000000000000000040301                     
1040001300012U 46000000000000000000000000000000000000000000000000000000000000000000000000333000000000000333000000000000000000000000000000090220261002202600000000000000000000000000000000000000000000000000000000000000000000000000000000       
1040001300013T 460000004910850000000   14999000002930370612930370        100220260000000000027050010000002930370                  092003777341004315SERVICO SOCIAL DA INDUSTRIA                       000000000000000040301                     
1040001300014U 46000000000000000000000000000000000000000000000000000000000000000000000002705000000000002705000000000000000000000000000000090220261002202600000000000000000000000000000000000000000000000000000000000000000000000000000000       
1040001300015T 460000004910850000000   14999000002933519512933519        090220260000000000117231040107002933519                  092005277354000100AGUAS TERMAIS FONTE NOVA LTDA                     000000000000000020101                     
1040001300016U 46000000000000000000000000000000000000000000000000000000000000000000000011723000000000011723000000000000000000000000000000090220261002202600000000000000000000000000000000000000000000000000000000000000000000000000000000       
10400015         00001800000000000000000000000000000000000000000000000000000000000000000000000000000000000000000000                                                                                                                             
10499999         000001000020                                                                                                                                                                                                                   
