10400000         2829265510001450000000000000000000001070749108500000000MUNICIPIO DE BRACO DO NORTE   C ECON FEDERAL                          70902202617213100005204000000                    RET ONLINE-PRODUCAO               000            
10400011T0100030 20829265510001450000000000000000000001070749108500000000MUNICIPIO DE BRACO DO NORTE                                                                                   00000052090220260000000000                          00   
1040001300001T 460000004910850000000   14999000002822990112822990        070220260000000000173661040107002822990                  091000037530607987ESPOLIO DE PEDRO SANDRINI MARTINELLI              000000000000000060301                     
1040001300002U 46000000000000000000000000000000000000000000000000000000000000000000000017366000000000017366000000000000000000000000000000090220261002202600000000000000000000000000000000000000000000000000000000000000000000000000000000       
1040001300003T 460000004910850000000   14999000002921412612921412        060320260000000002269667560000002921412                  092042405383000128LOTEAMENTO MORADA DO BOSQUE LTDA                  000000000000000040301                     
1040001300004U 46000000000000000000000000000000000000000000000000000000000000000000000226966000000000226966000000000000000000000000000000090220261002202600000000000000000000000000000000000000000000000000000000000000000000000000000000       
1040001300005T 460000004910850000000   14999000002933576412933576        280220260000000000744307480000002933576                  092009337400000161JOSE PERON   CIA LTDA                             000000000000000040301                     
1040001300006U 46000000000000000000000000000000000000000000000000000000000000000000000074430000000000074430000000000000000000000000000000090220261002202600000000000000000000000000000000000000000000000000000000000000000000000000000000       
10400015         00000800000000000000000000000000000000000000000000000000000000000000000000000000000000000000000000                                                                                                                             
10499999         000001000010                                                                                                                                                                                                                   
