10400000         2829265510001450000000000000000000001070749108500000000MUNICIPIO DE BRACO DO NORTE   C ECON FEDERAL                          70902202610522900003004000000                    RET ONLINE-PRODUCAO               000            
10400011T0100030 20829265510001450000000000000000000001070749108500000000MUNICIPIO DE BRACO DO NORTE                                                                                   00000030090220260000000000                          00   
1040001300001T 460000004910850000000   14999000002895161512895161        110220260000000000324581040107002895161                  091000003984661908SIMONE DIAS                                       000000000000000020101                     
1040001300002U 46000000000000000000000000013796000000000000000000000000000000000000000018662000000000018662000000000000000000000000000000090220261002202600000000000000000000000000000000000000000000000000000000000000000000000000000000       
1040001300003T 460000004910850000000   14999000002895369312895369        120220260000000000385191040107002895369                  091000051606534904MARGARETE LUIZ                                    000000000000000020101                     
1040001300004U 46000000000000000000000000012794000000000000000000000000000000000000000025725000000000025725000000000000000000000000000000090220261002202600000000000000000000000000000000000000000000000000000000000000000000000000000000       
1040001300005T 460000004910850000000   14999000002912751712912751        090220260000000005481767560000002912751                  092008711300000190C.R.A.R. ADMINISTRADORA DE IMOVEIS LTDA           000000000000000040301                     
1040001300006U 46000000000000000000000000176716000000000000000000000000000000000000000371460000000000371460000000000000000000000000000000090220261002202600000000000000000000000000000000000000000000000000000000000000000000000000000000       
10400015         00000800000000000000000000000000000000000000000000000000000000000000000000000000000000000000000000                                                                                                                             
10499999         000001000010                                                                                                                                                                                                                   
