10400000         2829265510001450000000000000000000001070749108500000000MUNICIPIO DE BRACO DO NORTE   C ECON FEDERAL                          70902202618370700005604000000                    RET ONLINE-PRODUCAO               000            
10400011T0100030 20829265510001450000000000000000000001070749108500000000MUNICIPIO DE BRACO DO NORTE                                                                                   00000056090220260000000000                          00   
1040001300001T 460000004910850000000   14999000002906830812906830        100220260000000000392030010000002906830                  091000005311274867HUGO DOS SANTOS                                   000000000000000040301                     
1040001300002U 46000000000000000000000000014309000000000000000000000000000000000000000024894000000000024894000000000000000000000000000000090220261002202600000000000000000000000000000000000000000000000000000000000000000000000000000000       
1040001300003T 460000004910850000000   14999000002924382712924382        090220260000000002855917560000002924382                  092046147616000190OLIVIO DELA JUSTINA 75782820934                   000000000000000040301                     
1040001300004U 46000000000000000000000000000000000000000000000000000000000000000000000285591000000000285591000000000000000000000000000000090220261002202600000000000000000000000000000000000000000000000000000000000000000000000000000000       
1040001300005T 460000004910850000000   14999000002935978712935978        130220260000000000077532900107002935978                  09205973534600018059.735.346 MARIANA ALBERTON ASCARI                000000000000000620300                     
1040001300006U 46000000000000000000000000000000000000000000000000000000000000000000000007753000000000007753000000000000000000000000000000090220260902202600000000000000000000000000000000000000000000000000000000000000000000000000000000       
10400015         00000800000000000000000000000000000000000000000000000000000000000000000000000000000000000000000000                                                                                                                             
10499999         000001000010                                                                                                                                                                                                                   
