10400000         2829265510001450000000000000000000001070749108500000000MUNICIPIO DE BRACO DO NORTE   C ECON FEDERAL                          70902202619062500005804000000                    RET ONLINE-PRODUCAO               000            
10400011T0100030 20829265510001450000000000000000000001070749108500000000MUNICIPIO DE BRACO DO NORTE                                                                                   00000058090220260000000000                          00   
1040001300001T 460000004910850000000   14999000002895511412895511        120220260000000000334091040107002895511                  091000006658494940ELOISA DELLA GIUSTINA ANDRADE                     000000000000000020101                     
1040001300002U 46000000000000000000000000010141000000000000000000000000000000000000000023268000000000023268000000000000000000000000000000090220261002202600000000000000000000000000000000000000000000000000000000000000000000000000000000       
1040001300003T 460000004910850000000   14999000002911944112911944        090220260000000000550240010107002911944                  091000066554357904WILSON TENFEN                                     000000000000000620300                     
1040001300004U 46000000000000000000000000006303000000000000000000000000000000000000000048721000000000048721000000000000000000000000000000090220260902202600000000000000000000000000000000000000000000000000000000000000000000000000000000       
1040001300005T 460000004910850000000   14999000002922347812922347        100220260000000000860001040107002922347                  092078522174000101PREIS COMERCIAL AGROPECUARIA                      000000000000000020101                     
1040001300006U 46000000000000000000000000000000000000000000000000000000000000000000000086000000000000086000000000000000000000000000000000090220261002202600000000000000000000000000000000000000000000000000000000000000000000000000000000       
1040001300007T 460000004910850000000   14999000002924636212924636        090220260000000000256261040385002924636                  091000006894560935ANELISE PEREIRA AVELINO                           000000000000000060301                     
1040001300008U 46000000000000000000000000000000000000000000000000000000000000000000000025626000000000025626000000000000000000000000000000090220261002202600000000000000000000000000000000000000000000000000000000000000000000000000000000       
1040001300009T 460000004910850000000   14999000002924637012924637        160220260000000000229261040385002924637                  091000006894560935ANELISE PEREIRA AVELINO                           000000000000000060301                     
1040001300010U 46000000000000000000000000000000000000000000000000000000000000000000000022926000000000022926000000000000000000000000000000090220261002202600000000000000000000000000000000000000000000000000000000000000000000000000000000       
1040001300011T 460000004910850000000   14999000002930361712930361        100220260000000000585947480000002930361                  092004344096000166INDUSTRIA E COMERCIO DE LATICINIOS DE MA          000000000000000040301                     
1040001300012U 46000000000000000000000000000000000000000000000000000000000000000000000058594000000000058594000000000000000000000000000000090220261002202600000000000000000000000000000000000000000000000000000000000000000000000000000000       
10400015         00001400000000000000000000000000000000000000000000000000000000000000000000000000000000000000000000                                                                                                                             
10499999         000001000016                                                                                                                                                                                                                   
