10400000         2829265510001450000000000000000000001070749108500000000MUNICIPIO DE BRACO DO NORTE   C ECON FEDERAL                          70702202609505500000404000000                    RET ONLINE-PRODUCAO               000            
10400011T0100030 20829265510001450000000000000000000001070749108500000000MUNICIPIO DE BRACO DO NORTE                                                                                   00000004070220260000000000                          00   
1040001300001T 460000004910850000000   14999000002922860712922860        120220260000000001172851040107002922860                  091000060370173953NILTON DEMETRIO                                   000000000000000020101                     
1040001300002U 46000000000000000000000000000000000000000000000000000000000000000000000117285000000000117285000000000000000000000000000000090220261002202600000000000000000000000000000000000000000000000000000000000000000000000000000000       
10400015         00000400000000000000000000000000000000000000000000000000000000000000000000000000000000000000000000                                                                                                                             
10499999         000001000006                                                                                                                                                                                                                   
