10400000         2829265510001450000000000000000000001070749108500000000MUNICIPIO DE BRACO DO NORTE   C ECON FEDERAL                          70902202612372800003604000000                    RET ONLINE-PRODUCAO               000            
10400011T0100030 20829265510001450000000000000000000001070749108500000000MUNICIPIO DE BRACO DO NORTE                                                                                   00000036090220260000000000                          00   
1040001300001T 460000004910850000000   14999000002908284012908284        180220260000000000136491040107002908284                  091000005779980993ALEXANDRE DE BONA FURLAN                          000000000000000020101                     
1040001300002U 46000000000000000000000000002577000000000000000000000000000000000000000011072000000000011072000000000000000000000000000000090220261002202600000000000000000000000000000000000000000000000000000000000000000000000000000000       
1040001300003T 460000004910850000000   14999000002922280312922280        100220260000000001056001040431102922280                  092026442024002723FACIL PROMOTORA DE VENDAS E SERVICOS S/A          000000000000000060301                     
1040001300004U 46000000000000000000000000000000000000000000000000000000000000000000000105600000000000105600000000000000000000000000000000090220261002202600000000000000000000000000000000000000000000000000000000000000000000000000000000       
1040001300005T 460000004910850000000   14999000002924318512924318        080620260000000000838427560000002924318                  091000007696459929RENATO RECH DUARTE                                000000000000000040301                     
1040001300006U 46000000000000000000000000000000000000000000000000000000000000000000000083842000000000083842000000000000000000000000000000090220261002202600000000000000000000000000000000000000000000000000000000000000000000000000000000       
1040001300007T 460000004910850000000   14999000002930409512930409        100220260000000013748101360000002930409                  091000052305945949MARIA GORETI KUERTEN COSTA                        000000000000000040301                     
1040001300008U 46000000000000000000000000000000000000000000000000000000000000000000001374810000000001374810000000000000000000000000000000090220261002202600000000000000000000000000000000000000000000000000000000000000000000000000000000       
10400015         00001000000000000000000000000000000000000000000000000000000000000000000000000000000000000000000000                                                                                                                             
10499999         000001000012                                                                                                                                                                                                                   
