10400000         2829265510001450000000000000000000001070749108500000000MUNICIPIO DE BRACO DO NORTE   C ECON FEDERAL                          70902202613075800003804000000                    RET ONLINE-PRODUCAO               000            
10400011T0100030 20829265510001450000000000000000000001070749108500000000MUNICIPIO DE BRACO DO NORTE                                                                                   00000038090220260000000000                          00   
1040001300001T 460000004910850000000   14999000002908891012908891        230220260000000000290857560000002908891                  091000068260636972TEREZINHA DEMETRIO                                000000000000000040301                     
1040001300002U 46000000000000000000000000011174000000000000000000000000000000000000000017911000000000017911000000000000000000000000000000090220261002202600000000000000000000000000000000000000000000000000000000000000000000000000000000       
10400015         00000400000000000000000000000000000000000000000000000000000000000000000000000000000000000000000000                                                                                                                             
10499999         000001000006                                                                                                                                                                                                                   
