10400000         2829265510001450000000000000000000001070749108500000000MUNICIPIO DE BRACO DO NORTE   C ECON FEDERAL                          70802202610365800001304000000                    RET ONLINE-PRODUCAO               000            
10400011T0100030 20829265510001450000000000000000000001070749108500000000MUNICIPIO DE BRACO DO NORTE                                                                                   00000013080220260000000000                          00   
1040001300001T 460000004910850000000   14999000002913534012913534        120220260000000001177530010107002913534                  091000090689968949EDESIO RODRIGUES NAZARIO                          000000000000000620300                     
1040001300002U 46000000000000000000000000051090000000000000000000000000000000000000000066663000000000066663000000000000000000000000000000090220260902202600000000000000000000000000000000000000000000000000000000000000000000000000000000       
10400015         00000400000000000000000000000000000000000000000000000000000000000000000000000000000000000000000000                                                                                                                             
10499999         000001000006                                                                                                                                                                                                                   
