10400000         2829265510001450000000000000000000001070749108500000000MUNICIPIO DE BRACO DO NORTE   C ECON FEDERAL                          70902202614070900004004000000                    RET ONLINE-PRODUCAO               000            
10400011T0100030 20829265510001450000000000000000000001070749108500000000MUNICIPIO DE BRACO DO NORTE                                                                                   00000040090220260000000000                          00   
1040001300001T 460000004910850000000   14999000002894413912894413        100220260000000000618750770000002894413                  091000013331814938GABRIELA PADILHA MADEIRA                          000000000000000040301                     
1040001300002U 46000000000000000000000000016360000000000000000000000000000000000000000045515000000000045515000000000000000000000000000000090220261002202600000000000000000000000000000000000000000000000000000000000000000000000000000000       
1040001300003T 460000004910850000000   14999000002921223912921223        100220260000000000012507560000002921223                  092022966703000101CONDOMINIO RESIDENCIAL VILLA LOBOS                000000000000000040301                     
1040001300004U 46000000000000000000000000000000000000000000000000000000000000000000000001250000000000001250000000000000000000000000000000090220261002202600000000000000000000000000000000000000000000000000000000000000000000000000000000       
1040001300005T 460000004910850000000   14999000002922367212922367        100220260000000001412663410000002922367                  092007943402000179VANCREDI ASSESSORIA EMPRESARIAL E DE COB          000000000000000040301                     
1040001300006U 46000000000000000000000000000000000000000000000000000000000000000000000141266000000000141266000000000000000000000000000000090220261002202600000000000000000000000000000000000000000000000000000000000000000000000000000000       
1040001300007T 460000004910850000000   14999000002930387012930387        100220260000000000006687560000002930387                  092046336754000118REFRITHERM REFRIGERACAO LTDA                      000000000000000040301                     
1040001300008U 46000000000000000000000000000000000000000000000000000000000000000000000000668000000000000668000000000000000000000000000000090220261002202600000000000000000000000000000000000000000000000000000000000000000000000000000000       
1040001300009T 460000004910850000000   14999000002935418112935418        080620260000000000891971040107002935418                  091000004598681950ELIETE RODRIGUES ANSELMO                          000000000000000020101                     
1040001300010U 46000000000000000000000000019572000000000000000000000000000000000000000069625000000000069625000000000000000000000000000000090220261002202600000000000000000000000000000000000000000000000000000000000000000000000000000000       
10400015         00001200000000000000000000000000000000000000000000000000000000000000000000000000000000000000000000                                                                                                                             
10499999         000001000014                                                                                                                                                                                                                   
