10400000         2829265510001450000000000000000000001070749108500000000MUNICIPIO DE BRACO DO NORTE   C ECON FEDERAL                          70902202618512000005704000000                    RET ONLINE-PRODUCAO               000            
10400011T0100030 20829265510001450000000000000000000001070749108500000000MUNICIPIO DE BRACO DO NORTE                                                                                   00000057090220260000000000                          00   
1040001300001T 460000004910850000000   14999000002824064612824064        120220260000000000173887560000002824064                  092043250608000187ATWE ELETRONICOS LTDA                             000000000000000040301                     
1040001300002U 46000000000000000000000000000000000000000000000000000000000000000000000017388000000000017388000000000000000000000000000000090220261002202600000000000000000000000000000000000000000000000000000000000000000000000000000000       
1040001300003T 460000004910850000000   14999000002900397412900397        090220260000000000252697480000002900397                  091000002356175989DALMO ALBERTON AGUIAR                             000000000000000040301                     
1040001300004U 46000000000000000000000000007864000000000000000000000000000000000000000017405000000000017405000000000000000000000000000000090220261002202600000000000000000000000000000000000000000000000000000000000000000000000000000000       
1040001300005T 460000004910850000000   14999000002900403212900403        090220260000000000259607480000002900403                  091000001812723938ROSEMARY ROECKER                                  000000000000000040301                     
1040001300006U 46000000000000000000000000008079000000000000000000000000000000000000000017881000000000017881000000000000000000000000000000090220261002202600000000000000000000000000000000000000000000000000000000000000000000000000000000       
1040001300007T 460000004910850000000   14999000002922246312922246        100220260000000000122537480000002922246                  092061138823000172CRESCIMENTO E SUCESSO INVESTIMENTOS LTDA          000000000000000040301                     
1040001300008U 46000000000000000000000000000000000000000000000000000000000000000000000012253000000000012253000000000000000000000000000000090220261002202600000000000000000000000000000000000000000000000000000000000000000000000000000000       
1040001300009T 460000004910850000000   14999000002935394012935394        090220260000000000362732600000002935394                  091000010319620930JOAO LEONATO MEDEIROS                             000000000000000040301                     
1040001300010U 46000000000000000000000000000000000000000000000000000000000000000000000036273000000000036273000000000000000000000000000000090220261002202600000000000000000000000000000000000000000000000000000000000000000000000000000000       
10400015         00001200000000000000000000000000000000000000000000000000000000000000000000000000000000000000000000                                                                                                                             
10499999         000001000014                                                                                                                                                                                                                   
