10400000         2829265510001450000000000000000000001070749108500000000MUNICIPIO DE BRACO DO NORTE   C ECON FEDERAL                          70902202618070700005404000000                    RET ONLINE-PRODUCAO               000            
10400011T0100030 20829265510001450000000000000000000001070749108500000000MUNICIPIO DE BRACO DO NORTE                                                                                   00000054090220260000000000                          00   
1040001300001T 460000004910850000000   14999000002934938212934938        100220260000000003383251360000002934938                  092050627166000100MADI ADMINISTRADORA DE IMOVEIS LTDA               000000000000000040301                     
1040001300002U 46000000000000000000000000000000000000000000000000000000000000000000000338325000000000338325000000000000000000000000000000090220261002202600000000000000000000000000000000000000000000000000000000000000000000000000000000       
10400015         00000400000000000000000000000000000000000000000000000000000000000000000000000000000000000000000000                                                                                                                             
10499999         000001000006                                                                                                                                                                                                                   
