10400000         2829265510001450000000000000000000001070749108500000000MUNICIPIO DE BRACO DO NORTE   C ECON FEDERAL                          70802202617363200001404000000                    RET ONLINE-PRODUCAO               000            
10400011T0100030 20829265510001450000000000000000000001070749108500000000MUNICIPIO DE BRACO DO NORTE                                                                                   00000014080220260000000000                          00   
1040001300001T 460000004910850000000   14999000002910286712910286        020320260000000000407431040107002910286                  091000000053374029ALESSANDRA REIS GRIFANTE                          000000000000000060301                     
1040001300002U 46000000000000000000000000011747000000000000000000000000000000000000000028996000000000028996000000000000000000000000000000090220261002202600000000000000000000000000000000000000000000000000000000000000000000000000000000       
10400015         00000400000000000000000000000000000000000000000000000000000000000000000000000000000000000000000000                                                                                                                             
10499999         000001000006                                                                                                                                                                                                                   
