10400000         2829265510001450000000000000000000001070749108500000000MUNICIPIO DE BRACO DO NORTE   C ECON FEDERAL                          70702202616351300001104000000                    RET ONLINE-PRODUCAO               000            
10400011T0100030 20829265510001450000000000000000000001070749108500000000MUNICIPIO DE BRACO DO NORTE                                                                                   00000011070220260000000000                          00   
1040001300001T 460000004910850000000   14999000002924351712924351        180220260000000000652781040192402924351                  091000030927102900NIVALDO MARTINS VIEIRA                            000000000000000020101                     
1040001300002U 46000000000000000000000000000000000000000000000000000000000000000000000065278000000000065278000000000000000000000000000000090220261002202600000000000000000000000000000000000000000000000000000000000000000000000000000000       
10400015         00000400000000000000000000000000000000000000000000000000000000000000000000000000000000000000000000                                                                                                                             
10499999         000001000006                                                                                                                                                                                                                   
