10400000         2829265510001450000000000000000000001070749108500000000MUNICIPIO DE BRACO DO NORTE   C ECON FEDERAL                          70902202610065300002704000000                    RET ONLINE-PRODUCAO               000            
10400011T0100030 20829265510001450000000000000000000001070749108500000000MUNICIPIO DE BRACO DO NORTE                                                                                   00000027090220260000000000                          00   
1040001300001T 460000004910850000000   14999000002893852012893852        090220260000000000403211040107002893852                  091000004355614999EDEM JHON VOLPATO                                 000000000000000060301                     
1040001300002U 46000000000000000000000000016319000000000000000000000000000000000000000024002000000000024002000000000000000000000000000000090220261002202600000000000000000000000000000000000000000000000000000000000000000000000000000000       
10400015         00000400000000000000000000000000000000000000000000000000000000000000000000000000000000000000000000                                                                                                                             
10499999         000001000006                                                                                                                                                                                                                   
