10400000         2829265510001450000000000000000000001070749108500000000MUNICIPIO DE BRACO DO NORTE   C ECON FEDERAL                          70902202611373300003304000000                    RET ONLINE-PRODUCAO               000            
10400011T0100030 20829265510001450000000000000000000001070749108500000000MUNICIPIO DE BRACO DO NORTE                                                                                   00000033090220260000000000                          00   
1040001300001T 460000004910850000000   14999000002900419912900419        090220260000000000422852600107002900419                  091000048095591904JONAS DA SILVA                                    000000000000000620300                     
1040001300002U 46000000000000000000000000015460000000000000000000000000000000000000000026825000000000026825000000000000000000000000000000090220260902202600000000000000000000000000000000000000000000000000000000000000000000000000000000       
1040001300003T 460000004910850000000   14999000002912686312912686        090220260000000000827891040107002912686                  091000098349201991GILSON OSNI CANDIDO                               000000000000000620300                     
1040001300004U 46000000000000000000000000023006000000000000000000000000000000000000000059783000000000059783000000000000000000000000000000090220260902202600000000000000000000000000000000000000000000000000000000000000000000000000000000       
1040001300005T 460000004910850000000   14999000002913731812913731        160220260000000000429621040107002913731                  091000063296888934ROSILENE BARCELOS VARGAS DE SOUZA                 000000000000000060301                     
1040001300006U 46000000000000000000000000010092000000000000000000000000000000000000000032870000000000032870000000000000000000000000000000090220261002202600000000000000000000000000000000000000000000000000000000000000000000000000000000       
1040001300007T 460000004910850000000   14999000002913963912913963        090320260000000010111990010000002913963                  091000002725598907ANDERSON SALVALAGIO                               000000000000000040301                     
1040001300008U 46000000000000000000000000000000000000000000000000000000000000000000001011199000000001011199000000000000000000000000000000090220261002202600000000000000000000000000000000000000000000000000000000000000000000000000000000       
10400015         00001000000000000000000000000000000000000000000000000000000000000000000000000000000000000000000000                                                                                                                             
10499999         000001000012                                                                                                                                                                                                                   
