10400000         2829265510001450000000000000000000001070749108500000000MUNICIPIO DE BRACO DO NORTE   C ECON FEDERAL                          70702202611355300000904000000                    RET ONLINE-PRODUCAO               000            
10400011T0100030 20829265510001450000000000000000000001070749108500000000MUNICIPIO DE BRACO DO NORTE                                                                                   00000009070220260000000000                          00   
1040001300001T 460000004910850000000   14999000002891537612891537        140220260000000000234201040041002891537                  091000086752499934IVANEUSA DE SOUZA                                 000000000000000020101                     
1040001300002U 46000000000000000000000000000000000000000000000000000000000000000000000023420000000000023420000000000000000000000000000000090220261002202600000000000000000000000000000000000000000000000000000000000000000000000000000000       
1040001300003T 460000004910850000000   14999000002911236612911236        090220260000000000355201040107002911236                  091000061207942987RAIMUNDO PORATH                                   000000000000000020101                     
1040001300004U 46000000000000000000000000008163000000000000000000000000000000000000000027357000000000027357000000000000000000000000000000090220261002202600000000000000000000000000000000000000000000000000000000000000000000000000000000       
10400015         00000600000000000000000000000000000000000000000000000000000000000000000000000000000000000000000000                                                                                                                             
10499999         000001000008                                                                                                                                                                                                                   
