10400000         2829265510001450000000000000000000001070749108500000000MUNICIPIO DE BRACO DO NORTE   C ECON FEDERAL                          70902202611231700003204000000                    RET ONLINE-PRODUCAO               000            
10400011T0100030 20829265510001450000000000000000000001070749108500000000MUNICIPIO DE BRACO DO NORTE                                                                                   00000032090220260000000000                          00   
1040001300001T 460000004910850000000   14999000002896731712896731        170220260000000000734351040107002896731                  091000007801361954LAYSI CARVALHO                                    000000000000000620300                     
1040001300002U 46000000000000000000000000027318000000000000000000000000000000000000000046117000000000046117000000000000000000000000000000090220260902202600000000000000000000000000000000000000000000000000000000000000000000000000000000       
1040001300003T 460000004910850000000   14999000002922250112922250        100220260000000000080003410000002922250                  091000009383054921NATALIA BUSS TURAZZI                              000000000000000040301                     
1040001300004U 46000000000000000000000000000000000000000000000000000000000000000000000008000000000000008000000000000000000000000000000000090220261002202600000000000000000000000000000000000000000000000000000000000000000000000000000000       
1040001300005T 460000004910850000000   14999000002922387712922387        100220260000000003357883410000002922387                  092095781019000200PROLINCON VIGILANCIA LTDA                         000000000000000040301                     
1040001300006U 46000000000000000000000000000000000000000000000000000000000000000000000335788000000000335788000000000000000000000000000000090220261002202600000000000000000000000000000000000000000000000000000000000000000000000000000000       
10400015         00000800000000000000000000000000000000000000000000000000000000000000000000000000000000000000000000                                                                                                                             
10499999         000001000010                                                                                                                                                                                                                   
