10400000         2829265510001450000000000000000000001070749108500000000MUNICIPIO DE BRACO DO NORTE   C ECON FEDERAL                          70902202608514300002304000000                    RET ONLINE-PRODUCAO               000            
10400011T0100030 20829265510001450000000000000000000001070749108500000000MUNICIPIO DE BRACO DO NORTE                                                                                   00000023090220260000000000                          00   
1040001300001T 460000004910850000000   14999000002908371412908371        190220260000000000161491040107002908371                  091000065939735991SANDRA MEURER SPECK                               000000000000000060301                     
1040001300002U 46000000000000000000000000004165000000000000000000000000000000000000000011984000000000011984000000000000000000000000000000090220261002202600000000000000000000000000000000000000000000000000000000000000000000000000000000       
10400015         00000400000000000000000000000000000000000000000000000000000000000000000000000000000000000000000000                                                                                                                             
10499999         000001000006                                                                                                                                                                                                                   
