10400000         2829265510001450000000000000000000001070749108500000000MUNICIPIO DE BRACO DO NORTE   C ECON FEDERAL                          70902202608213600002104000000                    RET ONLINE-PRODUCAO               000            
10400011T0100030 20829265510001450000000000000000000001070749108500000000MUNICIPIO DE BRACO DO NORTE                                                                                   00000021090220260000000000                          00   
1040001300001T 460000004910850000000   14999000002894925412894925        110220260000000001164757560000002894925                  091000004269005963MAURICIO DE SOUZA MARTINS                         000000000000000040301                     
1040001300002U 46000000000000000000000000039330000000000000000000000000000000000000000077145000000000077145000000000000000000000000000000090220261002202600000000000000000000000000000000000000000000000000000000000000000000000000000000       
1040001300003T 460000004910850000000   14999000002934806812934806        100220260000000000053207560000002934806                  092041726401000100RF FREIOS SERVICOS LTDA                           000000000000000040301                     
1040001300004U 46000000000000000000000000000000000000000000000000000000000000000000000005320000000000005320000000000000000000000000000000090220261002202600000000000000000000000000000000000000000000000000000000000000000000000000000000       
1040001300005T 460000004910850000000   14999000002935165412935165        070520260000000003515231040107002935165                  092057391833000148MB EMPREENDIMENTOS E ENGENHARIA LTDA              000000000000000620300                     
1040001300006U 46000000000000000000000000000000000000000000000000000000000000000000000351523000000000351523000000000000000000000000000000090220260902202600000000000000000000000000000000000000000000000000000000000000000000000000000000       
10400015         00000800000000000000000000000000000000000000000000000000000000000000000000000000000000000000000000                                                                                                                             
10499999         000001000010                                                                                                                                                                                                                   
