10400000         2829265510001450000000000000000000001070749108500000000MUNICIPIO DE BRACO DO NORTE   C ECON FEDERAL                          70902202611071000003104000000                    RET ONLINE-PRODUCAO               000            
10400011T0100030 20829265510001450000000000000000000001070749108500000000MUNICIPIO DE BRACO DO NORTE                                                                                   00000031090220260000000000                          00   
1040001300001T 460000004910850000000   14999000002900531412900531        090220260000000000461791040107002900531                  092010683074000123ADILSON ADILIO CARDOSO LTDA                       000000000000000020101                     
1040001300002U 46000000000000000000000000010118000000000000000000000000000000000000000036061000000000036061000000000000000000000000000000090220261002202600000000000000000000000000000000000000000000000000000000000000000000000000000000       
1040001300003T 460000004910850000000   14999000002912593012912593        090220260000000001308041040107002912593                  091000003430852919MARLETE NAZARIO                                   000000000000000020101                     
1040001300004U 46000000000000000000000000061420000000000000000000000000000000000000000069384000000000069384000000000000000000000000000000090220261002202600000000000000000000000000000000000000000000000000000000000000000000000000000000       
1040001300005T 460000004910850000000   14999000002913563312913563        120220260000000000383017480000002913563                  091000094677301972LUCIANE MICHELS MICHELETO                         000000000000000040301                     
1040001300006U 46000000000000000000000000012363000000000000000000000000000000000000000025938000000000025938000000000000000000000000000000090220261002202600000000000000000000000000000000000000000000000000000000000000000000000000000000       
1040001300007T 460000004910850000000   14999000002934815712934815        240220260000000000040002600000002934815                  091000011606359940Joao Vitor Brighente de Souza                     000000000000000040301                     
1040001300008U 46000000000000000000000000000000000000000000000000000000000000000000000004000000000000004000000000000000000000000000000000090220261002202600000000000000000000000000000000000000000000000000000000000000000000000000000000       
10400015         00001000000000000000000000000000000000000000000000000000000000000000000000000000000000000000000000                                                                                                                             
10499999         000001000012                                                                                                                                                                                                                   
