10400000         2829265510001450000000000000000000001070749108500000000MUNICIPIO DE BRACO DO NORTE   C ECON FEDERAL                          70902202607513100002004000000                    RET ONLINE-PRODUCAO               000            
10400011T0100030 20829265510001450000000000000000000001070749108500000000MUNICIPIO DE BRACO DO NORTE                                                                                   00000020090220260000000000                          00   
1040001300001T 460000004910850000000   14999000002913808012913808        160220260000000000809131040107002913808                  091000005764136903IARA NAZARIO MONTEIRO                             000000000000000060301                     
1040001300002U 46000000000000000000000000025613000000000000000000000000000000000000000055300000000000055300000000000000000000000000000000090220261002202600000000000000000000000000000000000000000000000000000000000000000000000000000000       
10400015         00000400000000000000000000000000000000000000000000000000000000000000000000000000000000000000000000                                                                                                                             
10499999         000001000006                                                                                                                                                                                                                   
