10400000         2829265510001450000000000000000000001070749108500000000MUNICIPIO DE BRACO DO NORTE   C ECON FEDERAL                          70702202611205200000804000000                    RET ONLINE-PRODUCAO               000            
10400011T0100030 20829265510001450000000000000000000001070749108500000000MUNICIPIO DE BRACO DO NORTE                                                                                   00000008070220260000000000                          00   
1040001300001T 460000004910850000000   14999000002916339412916339        120220260000000000498031040107002916339                  091000005104598977EDALTO DEMETRIO                                   000000000000000620300                     
1040001300002U 46000000000000000000000000013419000000000000000000000000000000000000000036384000000000036384000000000000000000000000000000090220260902202600000000000000000000000000000000000000000000000000000000000000000000000000000000       
10400015         00000400000000000000000000000000000000000000000000000000000000000000000000000000000000000000000000                                                                                                                             
10499999         000001000006                                                                                                                                                                                                                   
