10400000         2829265510001450000000000000000000001070749108500000000MUNICIPIO DE BRACO DO NORTE   C ECON FEDERAL                          70902202614520300004304000000                    RET ONLINE-PRODUCAO               000            
10400011T0100030 20829265510001450000000000000000000001070749108500000000MUNICIPIO DE BRACO DO NORTE                                                                                   00000043090220260000000000                          00   
1040001300001T 460000004910850000000   14999000002893376512893376        090220260000000000402401040107002893376                  091000072160632953VALERIO DA SILVA                                  000000000000000610300                     
1040001300002U 46000000000000000000000000014082000000000000000000000000000000000000000026158000000000026158000000000000000000000000000000090220260902202600000000000000000000000000000000000000000000000000000000000000000000000000000000       
1040001300003T 460000004910850000000   14999000002899328812899328        020320260000000000207461040107002899328                  091000009524337967ERICA RAMOS                                       000000000000000060301                     
1040001300004U 46000000000000000000000000000000000000000000000000000000000000000000000020746000000000020746000000000000000000000000000000090220261002202600000000000000000000000000000000000000000000000000000000000000000000000000000000       
1040001300005T 460000004910850000000   14999000002916600812916600        260320260000000000145042600000002916600                  091000004230798911FABIANA HEIDEMANN                                 000000000000000040301                     
1040001300006U 46000000000000000000000000002850000000000000000000000000000000000000000011654000000000011654000000000000000000000000000000090220261002202600000000000000000000000000000000000000000000000000000000000000000000000000000000       
1040001300007T 460000004910850000000   14999000002924463712924463        090220260000000001259522370000002924463                  092020508002000101NUTRIS FABRICACAO E COMERCIO DE ALIMENTO          000000000000000040301                     
1040001300008U 46000000000000000000000000000000000000000000000000000000000000000000000125952000000000125952000000000000000000000000000000090220261002202600000000000000000000000000000000000000000000000000000000000000000000000000000000       
1040001300009T 460000004910850000000   14999000002934215912934215        040320260000000000077531040107002934215                  091000000014444925DEYVID DA COREGIO PEREIRA                         000000000000000620300                     
1040001300010U 46000000000000000000000000000000000000000000000000000000000000000000000007753000000000007753000000000000000000000000000000090220260902202600000000000000000000000000000000000000000000000000000000000000000000000000000000       
10400015         00001200000000000000000000000000000000000000000000000000000000000000000000000000000000000000000000                                                                                                                             
10499999         000001000014                                                                                                                                                                                                                   
