10400000         2829265510001450000000000000000000001070749108500000000MUNICIPIO DE BRACO DO NORTE   C ECON FEDERAL                          70902202614231400004104000000                    RET ONLINE-PRODUCAO               000            
10400011T0100030 20829265510001450000000000000000000001070749108500000000MUNICIPIO DE BRACO DO NORTE                                                                                   00000041090220260000000000                          00   
1040001300001T 460000004910850000000   14999000002916174012916174        240220260000000000152351040107002916174                  091000004258370924NEUZA DE JESUS BONFIM                             000000000000000020101                     
1040001300002U 46000000000000000000000000004062000000000000000000000000000000000000000011173000000000011173000000000000000000000000000000090220261002202600000000000000000000000000000000000000000000000000000000000000000000000000000000       
1040001300003T 460000004910850000000   14999000002916180412916180        240220260000000000332911040107002916180                  091000006243324974VANILSE DE JESUS BONFIM                           000000000000000020101                     
1040001300004U 46000000000000000000000000010439000000000000000000000000000000000000000022852000000000022852000000000000000000000000000000090220261002202600000000000000000000000000000000000000000000000000000000000000000000000000000000       
1040001300005T 460000004910850000000   14999000002934826212934826        100220260000000000376050850000002934826                  092049996727000160COELHO EMPREENDIMENTOS IMOBILIARIOS LTDA          000000000000000040301                     
1040001300006U 46000000000000000000000000000000000000000000000000000000000000000000000037605000000000037605000000000000000000000000000000090220261002202600000000000000000000000000000000000000000000000000000000000000000000000000000000       
1040001300007T 460000004910850000000   14999000002935416512935416        080620260000000001099310010000002935416                  091000005084448967GUILHERME JESUS WISNIEVSKI                        000000000000000040301                     
1040001300008U 46000000000000000000000000025792000000000000000000000000000000000000000084139000000000084139000000000000000000000000000000090220261002202600000000000000000000000000000000000000000000000000000000000000000000000000000000       
10400015         00001000000000000000000000000000000000000000000000000000000000000000000000000000000000000000000000                                                                                                                             
10499999         000001000012                                                                                                                                                                                                                   
