10400000         2829265510001450000000000000000000001070749108500000000MUNICIPIO DE BRACO DO NORTE   C ECON FEDERAL                          70902202616205200004804000000                    RET ONLINE-PRODUCAO               000            
10400011T0100030 20829265510001450000000000000000000001070749108500000000MUNICIPIO DE BRACO DO NORTE                                                                                   00000048090220260000000000                          00   
1040001300001T 460000004910850000000   14999000002903253212903253        160220260000000001518101040107002903253                  091000006332172983CRISTIANO MAXIMIANO                               000000000000000020101                     
1040001300002U 46000000000000000000000000068685000000000000000000000000000000000000000083125000000000083125000000000000000000000000000000090220261002202600000000000000000000000000000000000000000000000000000000000000000000000000000000       
1040001300003T 460000004910850000000   14999000002929567312929567        270220260000000000117237480000002929567                  092052530651000197GOULART ADMINISTRADORA DE IMOVEIS LTDA            000000000000000040301                     
1040001300004U 46000000000000000000000000000000000000000000000000000000000000000000000011723000000000011723000000000000000000000000000000090220261002202600000000000000000000000000000000000000000000000000000000000000000000000000000000       
10400015         00000600000000000000000000000000000000000000000000000000000000000000000000000000000000000000000000                                                                                                                             
10499999         000001000008                                                                                                                                                                                                                   
