10400000         2829265510001450000000000000000000001070749108500000000MUNICIPIO DE BRACO DO NORTE   C ECON FEDERAL                          70902202609214900002404000000                    RET ONLINE-PRODUCAO               000            
10400011T0100030 20829265510001450000000000000000000001070749108500000000MUNICIPIO DE BRACO DO NORTE                                                                                   00000024090220260000000000                          00   
1040001300001T 460000004910850000000   14999000002894619012894619        110220260000000000925611040107002894619                  091000001657576981SANTO DA SILVA                                    000000000000000620300                     
1040001300002U 46000000000000000000000000019309000000000000000000000000000000000000000073252000000000073252000000000000000000000000000000090220260902202600000000000000000000000000000000000000000000000000000000000000000000000000000000       
1040001300003T 460000004910850000000   14999000002906665812906665        090220260000000000295041040107002906665                  091000001657576981SANTO DA SILVA                                    000000000000000620300                     
1040001300004U 46000000000000000000000000005505000000000000000000000000000000000000000023999000000000023999000000000000000000000000000000090220260902202600000000000000000000000000000000000000000000000000000000000000000000000000000000       
1040001300005T 460000004910850000000   14999000002922399012922399        100220260000000000040001360000002922399                  092056051250000105CATARINA INVESTIMENTOS LTDA                       000000000000000040301                     
1040001300006U 46000000000000000000000000000000000000000000000000000000000000000000000004000000000000004000000000000000000000000000000000090220261002202600000000000000000000000000000000000000000000000000000000000000000000000000000000       
1040001300007T 460000004910850000000   14999000002929061212929061        220220260000000000551862600000002929061                  091000007183442942JOAO PAULO RODRIGUES                              000000000000000040301                     
1040001300008U 46000000000000000000000000000000000000000000000000000000000000000000000055186000000000055186000000000000000000000000000000090220261002202600000000000000000000000000000000000000000000000000000000000000000000000000000000       
10400015         00001000000000000000000000000000000000000000000000000000000000000000000000000000000000000000000000                                                                                                                             
10499999         000001000012                                                                                                                                                                                                                   
