10400000         2829265510001450000000000000000000001070749108500000000MUNICIPIO DE BRACO DO NORTE   C ECON FEDERAL                          70902202615370700004504000000                    RET ONLINE-PRODUCAO               000            
10400011T0100030 20829265510001450000000000000000000001070749108500000000MUNICIPIO DE BRACO DO NORTE                                                                                   00000045090220260000000000                          00   
1040001300001T 460000004910850000000   14999000002898273112898273        250220260000000000398957560000002898273                  091000062971921972JANEO AFONSO MACHADO                              000000000000000040301                     
1040001300002U 46000000000000000000000000013189000000000000000000000000000000000000000026706000000000026706000000000000000000000000000000090220261002202600000000000000000000000000000000000000000000000000000000000000000000000000000000       
1040001300003T 460000004910850000000   14999000002924525012924525        090220260000000000414731360000002924525                  091000007025690970LILIANA SCHUELTER VANDRESEN                       000000000000000040301                     
1040001300004U 46000000000000000000000000000000000000000000000000000000000000000000000041473000000000041473000000000000000000000000000000090220261002202600000000000000000000000000000000000000000000000000000000000000000000000000000000       
1040001300005T 460000004910850000000   14999000002930401012930401        100220260000000007759331040107002930401                  092000360305107090CAIXA ECONOMICA FEDERAL                           000000000000000030101                     
1040001300006U 46000000000000000000000000000000000000000000000000000000000000000000000775933000000000775933000000000000000000000000000000090220261002202600000000000000000000000000000000000000000000000000000000000000000000000000000000       
1040001300007T 460000004910850000000   14999000002930437012930437        100220260000000008296881040107002930437                  092000360305107090CAIXA ECONOMICA FEDERAL                           000000000000000030101                     
1040001300008U 46000000000000000000000000000000000000000000000000000000000000000000000829688000000000829688000000000000000000000000000000090220261002202600000000000000000000000000000000000000000000000000000000000000000000000000000000       
10400015         00001000000000000000000000000000000000000000000000000000000000000000000000000000000000000000000000                                                                                                                             
10499999         000001000012                                                                                                                                                                                                                   
