10400000         2829265510001450000000000000000000001070749108500000000MUNICIPIO DE BRACO DO NORTE   C ECON FEDERAL                          70802202607061600001204000000                    RET ONLINE-PRODUCAO               000            
10400011T0100030 20829265510001450000000000000000000001070749108500000000MUNICIPIO DE BRACO DO NORTE                                                                                   00000012080220260000000000                          00   
1040001300001T 460000004910850000000   14999000002893188612893188        090220260000000001417870000000002893188                  091000002348374978DALSIZA MARCELINO MONTEIRO                        000000000000000610300                     
1040001300002U 46000000000000000000000000059428000000000000000000000000000000000000000082359000000000082359000000000000000000000000000000090220260902202600000000000000000000000000000000000000000000000000000000000000000000000000000000       
10400015         00000400000000000000000000000000000000000000000000000000000000000000000000000000000000000000000000                                                                                                                             
10499999         000001000006                                                                                                                                                                                                                   
