10400000         2829265510001450000000000000000000001070749108500000000MUNICIPIO DE BRACO DO NORTE   C ECON FEDERAL                          70702202609202000000204000000                    RET ONLINE-PRODUCAO               000            
10400011T0100030 20829265510001450000000000000000000001070749108500000000MUNICIPIO DE BRACO DO NORTE                                                                                   00000002070220260000000000                          00   
1040001300001T 460000004910850000000   14999000002913459912913459        120220260000000000162811040107002913459                  091000094695105934LAERCIO TAVARES                                   000000000000000610300                     
1040001300002U 46000000000000000000000000003616000000000000000000000000000000000000000012665000000000012665000000000000000000000000000000090220260902202600000000000000000000000000000000000000000000000000000000000000000000000000000000       
10400015         00000400000000000000000000000000000000000000000000000000000000000000000000000000000000000000000000                                                                                                                             
10499999         000001000006                                                                                                                                                                                                                   
