10400000         2829265510001450000000000000000000001070749108500000000MUNICIPIO DE BRACO DO NORTE   C ECON FEDERAL                          70902202615512700004604000000                    RET ONLINE-PRODUCAO               000            
10400011T0100030 20829265510001450000000000000000000001070749108500000000MUNICIPIO DE BRACO DO NORTE                                                                                   00000046090220260000000000                          00   
1040001300001T 460000004910850000000   14999000002895398712895398        120220260000000000233581040107002895398                  091000002422472966ODAIR DA CRUZ                                     000000000000000020101                     
1040001300002U 46000000000000000000000000005818000000000000000000000000000000000000000017540000000000017540000000000000000000000000000000090220261002202600000000000000000000000000000000000000000000000000000000000000000000000000000000       
1040001300003T 460000004910850000000   14999000002901549212901549        090220260000000000338661040107002901549                  091000073922137920MANOEL AVELINO                                    000000000000000060301                     
1040001300004U 46000000000000000000000000008506000000000000000000000000000000000000000025360000000000025360000000000000000000000000000000090220261002202600000000000000000000000000000000000000000000000000000000000000000000000000000000       
1040001300005T 460000004910850000000   14999000002901581612901581        090220260000000001647801040040902901581                  091000037855620982ROSA MARIA VANDERLINDE                            000000000000000060301                     
1040001300006U 46000000000000000000000000059031000000000000000000000000000000000000000105749000000000105749000000000000000000000000000000090220261002202600000000000000000000000000000000000000000000000000000000000000000000000000000000       
1040001300007T 460000004910850000000   14999000002922340012922340        100220260000000000165002080000002922340                  092059473382000113JOICE ANTUNES PSICOLOGIA LTDA                     000000000000000040301                     
1040001300008U 46000000000000000000000000000000000000000000000000000000000000000000000016500000000000016500000000000000000000000000000000090220261002202600000000000000000000000000000000000000000000000000000000000000000000000000000000       
10400015         00001000000000000000000000000000000000000000000000000000000000000000000000000000000000000000000000                                                                                                                             
10499999         000001000012                                                                                                                                                                                                                   
