10400000         2829265510001450000000000000000000001070749108500000000MUNICIPIO DE BRACO DO NORTE   C ECON FEDERAL                          70902202614370300004204000000                    RET ONLINE-PRODUCAO               000            
10400011T0100030 20829265510001450000000000000000000001070749108500000000MUNICIPIO DE BRACO DO NORTE                                                                                   00000042090220260000000000                          00   
1040001300001T 460000004910850000000   14999000002831780012831780        080220260000000000846977560000002831780                  092017211866000144LOGPRO SERVICOS ADMINISTRATIVOS PARA TER          000000000000000040301                     
1040001300002U 46000000000000000000000000000000000000000000000000000000000000000000000084697000000000084697000000000000000000000000000000090220261002202600000000000000000000000000000000000000000000000000000000000000000000000000000000       
1040001300003T 460000004910850000000   14999000002894127012894127        100220260000000000855931040107002894127                  092033598537000154ROTA COMERCIO DE AUTOMOVEIS LTDA                  000000000000000620300                     
1040001300004U 46000000000000000000000000032681000000000000000000000000000000000000000052912000000000052912000000000000000000000000000000090220260902202600000000000000000000000000000000000000000000000000000000000000000000000000000000       
10400015         00000600000000000000000000000000000000000000000000000000000000000000000000000000000000000000000000                                                                                                                             
10499999         000001000008                                                                                                                                                                                                                   
