10400000         2829265510001450000000000000000000001070749108500000000MUNICIPIO DE BRACO DO NORTE   C ECON FEDERAL                          70702202610504800000704000000                    RET ONLINE-PRODUCAO               000            
10400011T0100030 20829265510001450000000000000000000001070749108500000000MUNICIPIO DE BRACO DO NORTE                                                                                   00000007070220260000000000                          00   
1040001300001T 460000004910850000000   14999000002902596012902596        160220260000000000153641040107002902596                  091000054283175900GUSTAVO GOTERA                                    000000000000000020101                     
1040001300002U 46000000000000000000000000003776000000000000000000000000000000000000000011588000000000011588000000000000000000000000000000090220261002202600000000000000000000000000000000000000000000000000000000000000000000000000000000       
10400015         00000400000000000000000000000000000000000000000000000000000000000000000000000000000000000000000000                                                                                                                             
10499999         000001000006                                                                                                                                                                                                                   
