10400000         2829265510001450000000000000000000001070749108500000000MUNICIPIO DE BRACO DO NORTE   C ECON FEDERAL                          70902202617063300005104000000                    RET ONLINE-PRODUCAO               000            
10400011T0100030 20829265510001450000000000000000000001070749108500000000MUNICIPIO DE BRACO DO NORTE                                                                                   00000051090220260000000000                          00   
1040001300001T 460000004910850000000   14999000002915441712915441        230220260000000003332661040107002915441                  091000002295125936EVA DA ROSA                                       000000000000000020101                     
1040001300002U 46000000000000000000000000144598000000000000000000000000000000000000000188668000000000188668000000000000000000000000000000090220261002202600000000000000000000000000000000000000000000000000000000000000000000000000000000       
1040001300003T 460000004910850000000   14999000002924373812924373        060320260000000000247651040166202924373                  092010764705000724IPG - INSTITUTO DE POS GRADUACAO LTDA             000000000000000060301                     
1040001300004U 46000000000000000000000000000000000000000000000000000000000000000000000024765000000000024765000000000000000000000000000000090220261002202600000000000000000000000000000000000000000000000000000000000000000000000000000000       
1040001300005T 460000004910850000000   14999000002924374612924374        060320260000000001489761040166202924374                  092010764705000724IPG - INSTITUTO DE POS GRADUACAO LTDA             000000000000000060301                     
1040001300006U 46000000000000000000000000000000000000000000000000000000000000000000000148976000000000148976000000000000000000000000000000090220261002202600000000000000000000000000000000000000000000000000000000000000000000000000000000       
1040001300007T 460000004910850000000   14999000002934318012934318        050520260000000002117237480000002934318                  091000037531484900MOISES DACOREGIO AGUIAR                           000000000000000040301                     
1040001300008U 46000000000000000000000000000000000000000000000000000000000000000000000211723000000000211723000000000000000000000000000000090220261002202600000000000000000000000000000000000000000000000000000000000000000000000000000000       
1040001300009T 460000004910850000000   14999000002935904312935904        060320260000000003084183410000002935904                  092007324378000602DUTRA COMERCIO FARMACEUTICO LTDA                  000000000000000040301                     
1040001300010U 46000000000000000000000000061684000000000000000000000000000000000000000246734000000000246734000000000000000000000000000000090220261002202600000000000000000000000000000000000000000000000000000000000000000000000000000000       
1040001300011T 460000004910850000000   14999000002935906012935906        060320260000000000530723410000002935906                  092007324378000602DUTRA COMERCIO FARMACEUTICO LTDA                  000000000000000040301                     
1040001300012U 46000000000000000000000000005307000000000000000000000000000000000000000047765000000000047765000000000000000000000000000000090220261002202600000000000000000000000000000000000000000000000000000000000000000000000000000000       
10400015         00001400000000000000000000000000000000000000000000000000000000000000000000000000000000000000000000                                                                                                                             
10499999         000001000016                                                                                                                                                                                                                   
