10400000         2829265510001450000000000000000000001070749108500000000MUNICIPIO DE BRACO DO NORTE   C ECON FEDERAL                          70902202608365500002204000000                    RET ONLINE-PRODUCAO               000            
10400011T0100030 20829265510001450000000000000000000001070749108500000000MUNICIPIO DE BRACO DO NORTE                                                                                   00000022090220260000000000                          00   
1040001300001T 460000004910850000000   14999000002924325812924325        060320260000000002946187560000002924325                  092064927752000185LAVI CONTABILIDADE LTDA                           000000000000000040301                     
1040001300002U 46000000000000000000000000000000000000000000000000000000000000000000000294618000000000294618000000000000000000000000000000090220261002202600000000000000000000000000000000000000000000000000000000000000000000000000000000       
1040001300003T 460000004910850000000   14999000002924326612924326        060320260000000000048657560000002924326                  092064927752000185LAVI CONTABILIDADE LTDA                           000000000000000040301                     
1040001300004U 46000000000000000000000000000000000000000000000000000000000000000000000004865000000000004865000000000000000000000000000000090220261002202600000000000000000000000000000000000000000000000000000000000000000000000000000000       
1040001300005T 460000004910850000000   14999000002924327412924327        060320260000000001276257560000002924327                  092064927752000185LAVI CONTABILIDADE LTDA                           000000000000000040301                     
1040001300006U 46000000000000000000000000000000000000000000000000000000000000000000000127625000000000127625000000000000000000000000000000090220261002202600000000000000000000000000000000000000000000000000000000000000000000000000000000       
10400015         00000800000000000000000000000000000000000000000000000000000000000000000000000000000000000000000000                                                                                                                             
10499999         000001000010                                                                                                                                                                                                                   
