10400000         2829265510001450000000000000000000001070749108500000000MUNICIPIO DE BRACO DO NORTE   C ECON FEDERAL                          70902202618213200005504000000                    RET ONLINE-PRODUCAO               000            
10400011T0100030 20829265510001450000000000000000000001070749108500000000MUNICIPIO DE BRACO DO NORTE                                                                                   00000055090220260000000000                          00   
1040001300001T 460000004910850000000   14999000002901882312901882        100220260000000000400831040107002901882                  091000002286747946LUCIANO COAN                                      000000000000000060301                     
1040001300002U 46000000000000000000000000011826000000000000000000000000000000000000000028257000000000028257000000000000000000000000000000090220261002202600000000000000000000000000000000000000000000000000000000000000000000000000000000       
1040001300003T 460000004910850000000   14999000002922393112922393        100220260000000000454407480000002922393                  092034329046000170DELTA MEDICINA DO TRABALHO LTDA                   000000000000000040301                     
1040001300004U 46000000000000000000000000000000000000000000000000000000000000000000000045440000000000045440000000000000000000000000000000090220261002202600000000000000000000000000000000000000000000000000000000000000000000000000000000       
10400015         00000600000000000000000000000000000000000000000000000000000000000000000000000000000000000000000000                                                                                                                             
10499999         000001000008                                                                                                                                                                                                                   
