10400000         2829265510001450000000000000000000001070749108500000000MUNICIPIO DE BRACO DO NORTE   C ECON FEDERAL                          70902202611520500003404000000                    RET ONLINE-PRODUCAO               000            
10400011T0100030 20829265510001450000000000000000000001070749108500000000MUNICIPIO DE BRACO DO NORTE                                                                                   00000034090220260000000000                          00   
1040001300001T 460000004910850000000   14999000002795657512795657        130220260000000000170601040107002795657                  091000001951219961LAURIDES MARCANZONI PERETO                        000000000000000020101                     
1040001300002U 46000000000000000000000000000000000000000000000000000000000000000000000017060000000000017060000000000000000000000000000000090220261002202600000000000000000000000000000000000000000000000000000000000000000000000000000000       
1040001300003T 460000004910850000000   14999000002896030412896030        160220260000000003597562370000002896030                  092017529022000146LK PARTICIPACOES E INVESTMENTOS LTDA              000000000000000040301                     
1040001300004U 46000000000000000000000000116187000000000000000000000000000000000000000243569000000000243569000000000000000000000000000000090220261002202600000000000000000000000000000000000000000000000000000000000000000000000000000000       
10400015         00000600000000000000000000000000000000000000000000000000000000000000000000000000000000000000000000                                                                                                                             
10499999         000001000008                                                                                                                                                                                                                   
