10400000         2829265510001450000000000000000000001070749108500000000MUNICIPIO DE BRACO DO NORTE   C ECON FEDERAL                          70702202609352200000304000000                    RET ONLINE-PRODUCAO               000            
10400011T0100030 20829265510001450000000000000000000001070749108500000000MUNICIPIO DE BRACO DO NORTE                                                                                   00000003070220260000000000                          00   
1040001300001T 460000004910850000000   14999000002899789512899789        020320260000000000430171040107002899789                  091000069621551900ESPOLIO DE CECILIA DE LIS ONOFRE                  000000000000000020101                     
1040001300002U 46000000000000000000000000014808000000000000000000000000000000000000000028209000000000028209000000000000000000000000000000090220261002202600000000000000000000000000000000000000000000000000000000000000000000000000000000       
1040001300003T 460000004910850000000   14999000002913769512913769        070220260000000000228611040107002913769                  091000006439220918JULIO CESAR MARTINS CAETANO                       000000000000000020101                     
1040001300004U 46000000000000000000000000000000000000000000000000000000000000000000000022861000000000022861000000000000000000000000000000090220261002202600000000000000000000000000000000000000000000000000000000000000000000000000000000       
10400015         00000600000000000000000000000000000000000000000000000000000000000000000000000000000000000000000000                                                                                                                             
10499999         000001000008                                                                                                                                                                                                                   
