10400000         2829265510001450000000000000000000001070749108500000000MUNICIPIO DE BRACO DO NORTE   C ECON FEDERAL                          70902202609371500002504000000                    RET ONLINE-PRODUCAO               000            
10400011T0100030 20829265510001450000000000000000000001070749108500000000MUNICIPIO DE BRACO DO NORTE                                                                                   00000025090220260000000000                          00   
1040001300001T 460000004910850000000   14999000002877427612877427        090220260000000000223511040385002877427                  091000094224510944EDEMIR SILVA                                      000000000000000020101                     
1040001300002U 46000000000000000000000000000000000000000000000000000000000000000000000022351000000000022351000000000000000000000000000000090220261002202600000000000000000000000000000000000000000000000000000000000000000000000000000000       
1040001300003T 460000004910850000000   14999000002893779512893779        160220260000000000323272600107002893779                  091000006757298902MARCIA MACHADO BEZA                               000000000000000620300                     
1040001300004U 46000000000000000000000000009889000000000000000000000000000000000000000022438000000000022438000000000000000000000000000000090220260902202600000000000000000000000000000000000000000000000000000000000000000000000000000000       
1040001300005T 460000004910850000000   14999000002915573112915573        120220260000000000463711040107002915573                  091000002231633922NELSON EMIDIO DE RAMOS                            000000000000000020101                     
1040001300006U 46000000000000000000000000015237000000000000000000000000000000000000000031134000000000031134000000000000000000000000000000090220261002202600000000000000000000000000000000000000000000000000000000000000000000000000000000       
10400015         00000800000000000000000000000000000000000000000000000000000000000000000000000000000000000000000000                                                                                                                             
10499999         000001000010                                                                                                                                                                                                                   
