10400000         2829265510001450000000000000000000001070749108500000000MUNICIPIO DE BRACO DO NORTE   C ECON FEDERAL                          70902202620503700006304000000                    RET ONLINE-PRODUCAO               000            
10400011T0100030 20829265510001450000000000000000000001070749108500000000MUNICIPIO DE BRACO DO NORTE                                                                                   00000063090220260000000000                          00   
1040001300001T 460000004910850000000   14999000002922708212922708        060320260000000002730697560000002922708                  092003931923000155TECHOUSE INFORMATICA E TECNOLOGIA LTDA            000000000000000040301                     
1040001300002U 46000000000000000000000000000000000000000000000000000000000000000000000273069000000000273069000000000000000000000000000000090220261002202600000000000000000000000000000000000000000000000000000000000000000000000000000000       
1040001300003T 460000004910850000000   14999000002922709012922709        060320260000000000106137560000002922709                  092003931923000155TECHOUSE INFORMATICA E TECNOLOGIA LTDA            000000000000000040301                     
1040001300004U 46000000000000000000000000000000000000000000000000000000000000000000000010613000000000010613000000000000000000000000000000090220261002202600000000000000000000000000000000000000000000000000000000000000000000000000000000       
1040001300005T 460000004910850000000   14999000002922748112922748        060320260000000001632617560000002922748                  092035067695000103TH SERVICOS DE INFORMATICA LTDA                   000000000000000040301                     
1040001300006U 46000000000000000000000000000000000000000000000000000000000000000000000163261000000000163261000000000000000000000000000000090220261002202600000000000000000000000000000000000000000000000000000000000000000000000000000000       
1040001300007T 460000004910850000000   14999000002922749012922749        060320260000000000106137560000002922749                  092035067695000103TH SERVICOS DE INFORMATICA LTDA                   000000000000000040301                     
1040001300008U 46000000000000000000000000000000000000000000000000000000000000000000000010613000000000010613000000000000000000000000000000090220261002202600000000000000000000000000000000000000000000000000000000000000000000000000000000       
1040001300009T 460000004910850000000   14999000002934932312934932        100220260000000000003000330000002934932                  092041487533000127LLA ODONTOLOGIA LTDA                              000000000000000040301                     
1040001300010U 46000000000000000000000000000000000000000000000000000000000000000000000000300000000000000300000000000000000000000000000000090220261002202600000000000000000000000000000000000000000000000000000000000000000000000000000000       
10400015         00001200000000000000000000000000000000000000000000000000000000000000000000000000000000000000000000                                                                                                                             
10499999         000001000014                                                                                                                                                                                                                   
