10400000         2829265510001450000000000000000000001070749108500000000MUNICIPIO DE BRACO DO NORTE   C ECON FEDERAL                          70902202619205400005904000000                    RET ONLINE-PRODUCAO               000            
10400011T0100030 20829265510001450000000000000000000001070749108500000000MUNICIPIO DE BRACO DO NORTE                                                                                   00000059090220260000000000                          00   
1040001300001T 460000004910850000000   14999000002914261312914261        180220260000000000317417560000002914261                  091000098253468920SIMONE SALAZARIO ELIAS                            000000000000000040301                     
1040001300002U 46000000000000000000000000008430000000000000000000000000000000000000000023311000000000023311000000000000000000000000000000090220261002202600000000000000000000000000000000000000000000000000000000000000000000000000000000       
1040001300003T 460000004910850000000   14999000002930157612930157        100220260000000000005967560000002930157                  092012700280000120TOP TENDAS SUL LTDA                               000000000000000040301                     
1040001300004U 46000000000000000000000000000000000000000000000000000000000000000000000000596000000000000596000000000000000000000000000000090220261002202600000000000000000000000000000000000000000000000000000000000000000000000000000000       
1040001300005T 460000004910850000000   14999000002934855612934855        090220260000000001714391360000002934855                  092051854962000149CALI ADMINISTRADORA DE IMOVEIS LTDA               000000000000000040301                     
1040001300006U 46000000000000000000000000000000000000000000000000000000000000000000000171439000000000171439000000000000000000000000000000090220261002202600000000000000000000000000000000000000000000000000000000000000000000000000000000       
10400015         00000800000000000000000000000000000000000000000000000000000000000000000000000000000000000000000000                                                                                                                             
10499999         000001000010                                                                                                                                                                                                                   
