10400000         2829265510001450000000000000000000001070749108500000000MUNICIPIO DE BRACO DO NORTE   C ECON FEDERAL                          70902202616362400004904000000                    RET ONLINE-PRODUCAO               000            
10400011T0100030 20829265510001450000000000000000000001070749108500000000MUNICIPIO DE BRACO DO NORTE                                                                                   00000049090220260000000000                          00   
1040001300001T 460000004910850000000   14999000002895170412895170        110220260000000000137931040107002895170                  091000082695180934ROSIANE BRUGNARA MARTINS                          000000000000000020101                     
1040001300002U 46000000000000000000000000002942000000000000000000000000000000000000000010851000000000010851000000000000000000000000000000090220261002202600000000000000000000000000000000000000000000000000000000000000000000000000000000       
1040001300003T 460000004910850000000   14999000002912833512912833        100220260000000000159491040107002912833                  091000002348374978DALSIZA MARCELINO MONTEIRO                        000000000000000610300                     
1040001300004U 46000000000000000000000000003115000000000000000000000000000000000000000012834000000000012834000000000000000000000000000000090220260902202600000000000000000000000000000000000000000000000000000000000000000000000000000000       
1040001300005T 460000004910850000000   14999000002922420212922420        100220260000000001678001360000002922420                  092023087314000179ENGTER ENGENHARIA SS                              000000000000000040301                     
1040001300006U 46000000000000000000000000000000000000000000000000000000000000000000000167800000000000167800000000000000000000000000000000090220261002202600000000000000000000000000000000000000000000000000000000000000000000000000000000       
1040001300007T 460000004910850000000   14999000002934915312934915        100220260000000000003200770000002934915                  092028754618000166CENTRO EMPRESARIAL DE SAUDE LA DAMA BRAC          000000000000000040301                     
1040001300008U 46000000000000000000000000000000000000000000000000000000000000000000000000320000000000000320000000000000000000000000000000090220261002202600000000000000000000000000000000000000000000000000000000000000000000000000000000       
10400015         00001000000000000000000000000000000000000000000000000000000000000000000000000000000000000000000000                                                                                                                             
10499999         000001000012                                                                                                                                                                                                                   
