10400000         2829265510001450000000000000000000001070749108500000000MUNICIPIO DE BRACO DO NORTE   C ECON FEDERAL                          70902202607211700001804000000                    RET ONLINE-PRODUCAO               000            
10400011T0100030 20829265510001450000000000000000000001070749108500000000MUNICIPIO DE BRACO DO NORTE                                                                                   00000018090220260000000000                          00   
1040001300001T 460000004910850000000   14999000002920373612920373        090220260000000000397842370107002920373                  091000030351340904CELITO WESSLER                                    000000000000000620300                     
1040001300002U 46000000000000000000000000009275000000000000000000000000000000000000000030509000000000030509000000000000000000000000000000090220260902202600000000000000000000000000000000000000000000000000000000000000000000000000000000       
10400015         00000400000000000000000000000000000000000000000000000000000000000000000000000000000000000000000000                                                                                                                             
10499999         000001000006                                                                                                                                                                                                                   
