10400000         2829265510001450000000000000000000001070749108500000000MUNICIPIO DE BRACO DO NORTE   C ECON FEDERAL                          70902202619363400006004000000                    RET ONLINE-PRODUCAO               000            
10400011T0100030 20829265510001450000000000000000000001070749108500000000MUNICIPIO DE BRACO DO NORTE                                                                                   00000060090220260000000000                          00   
1040001300001T 460000004910850000000   14999000002930434612930434        100220260000000000010800010000002930434                  092010343816000171LATICINIOS ESTRELA DO CAMPO LTDA                  000000000000000040301                     
1040001300002U 46000000000000000000000000000000000000000000000000000000000000000000000001080000000000001080000000000000000000000000000000090220261002202600000000000000000000000000000000000000000000000000000000000000000000000000000000       
10400015         00000400000000000000000000000000000000000000000000000000000000000000000000000000000000000000000000                                                                                                                             
10499999         000001000006                                                                                                                                                                                                                   
