10400000         2829265510001450000000000000000000001070749108500000000MUNICIPIO DE BRACO DO NORTE   C ECON FEDERAL                          71202202614072000001604000000                    RET ONLINE-PRODUCAO               000            
10400011T0100030 20829265510001450000000000000000000001070749108500000000MUNICIPIO DE BRACO DO NORTE                                                                                   00000016120220260000000000                          00   
1040001300001T 460000004910850000000   14999000002938199512938199        140320260000000000583387480000002938199                  091000082695466900ESPOLIO DE WANDA JUNKES THIESEN                   000000000000000040301                     
1040001300002U 46000000000000000000000000000000000000000000000000000000000000000000000058338000000000058338000000000000000000000000000000120220261302202600000000000000000000000000000000000000000000000000000000000000000000000000000000       
1040001300003T 460000004910850000000   14999000002938200212938200        080620260000000000907917480000002938200                  091000082695466900ESPOLIO DE WANDA JUNKES THIESEN                   000000000000000040301                     
1040001300004U 46000000000000000000000000013845000000000000000000000000000000000000000076946000000000076946000000000000000000000000000000120220261302202600000000000000000000000000000000000000000000000000000000000000000000000000000000       
10400015         00000600000000000000000000000000000000000000000000000000000000000000000000000000000000000000000000                                                                                                                             
10499999         000001000008                                                                                                                                                                                                                   
