10400000         2829265510001450000000000000000000001070749108500000000MUNICIPIO DE BRACO DO NORTE   C ECON FEDERAL                          71202202616214800002304000000                    RET ONLINE-PRODUCAO               000            
10400011T0100030 20829265510001450000000000000000000001070749108500000000MUNICIPIO DE BRACO DO NORTE                                                                                   00000023120220260000000000                          00   
1040001300001T 460000004910850000000   14999000002913701612913701        160220260000000000433652370107002913701                  092037657211000101SCHL PARTICIPACOES S.A                            000000000000000620300                     
1040001300002U 46000000000000000000000000014758000000000000000000000000000000000000000028607000000000028607000000000000000000000000000000120220261202202600000000000000000000000000000000000000000000000000000000000000000000000000000000       
1040001300003T 460000004910850000000   14999000002913707512913707        160220260000000000229122370107002913707                  092033523530000173LANAC PARTICIPACOES S.A                           000000000000000620300                     
1040001300004U 46000000000000000000000000007797000000000000000000000000000000000000000015115000000000015115000000000000000000000000000000120220261202202600000000000000000000000000000000000000000000000000000000000000000000000000000000       
1040001300005T 460000004910850000000   14999000002913713012913713        160220260000000000128912370107002913713                  091000099945177915CLEYTON SCHLICKMANN                               000000000000000620300                     
1040001300006U 46000000000000000000000000002531000000000000000000000000000000000000000010360000000000010360000000000000000000000000000000120220261202202600000000000000000000000000000000000000000000000000000000000000000000000000000000       
1040001300007T 460000004910850000000   14999000002913721012913721        160220260000000000161972370107002913721                  091000099945177915CLEYTON SCHLICKMANN                               000000000000000620300                     
1040001300008U 46000000000000000000000000004293000000000000000000000000000000000000000011904000000000011904000000000000000000000000000000120220261202202600000000000000000000000000000000000000000000000000000000000000000000000000000000       
1040001300009T 460000004910850000000   14999000002928473612928473        060320260000000000477657560000002928473                  092000465800000188WILSON TENFEN   CIA LTDA                          000000000000000040301                     
1040001300010U 46000000000000000000000000000000000000000000000000000000000000000000000047765000000000047765000000000000000000000000000000120220261302202600000000000000000000000000000000000000000000000000000000000000000000000000000000       
1040001300011T 460000004910850000000   14999000002928746812928746        120220260000000000463067560000002928746                  092044859975000145MP INSTALACOES HIDRAULICAS LTDA                   000000000000000040301                     
1040001300012U 46000000000000000000000000000000000000000000000000000000000000000000000046306000000000046306000000000000000000000000000000120220261302202600000000000000000000000000000000000000000000000000000000000000000000000000000000       
1040001300013T 460000004910850000000   14999000002938428512938428        120220260000000000273611040107002938428                  091000003458684980SERGIO PATRICIO                                   000000000000000020101                     
1040001300014U 46000000000000000000000000006394000000000000000000000000000000000000000020967000000000020967000000000000000000000000000000120220261302202600000000000000000000000000000000000000000000000000000000000000000000000000000000       
10400015         00001600000000000000000000000000000000000000000000000000000000000000000000000000000000000000000000                                                                                                                             
10499999         000001000018                                                                                                                                                                                                                   
