10400000         2829265510001450000000000000000000001070749108500000000MUNICIPIO DE BRACO DO NORTE   C ECON FEDERAL                          71202202615205100002004000000                    RET ONLINE-PRODUCAO               000            
10400011T0100030 20829265510001450000000000000000000001070749108500000000MUNICIPIO DE BRACO DO NORTE                                                                                   00000020120220260000000000                          00   
1040001300001T 460000004910850000000   14999000002895420712895420        120220260000000000319711040107002895420                  091000002438949961GILBERTO ULIANO JUNIOR                            000000000000000620300                     
1040001300002U 46000000000000000000000000006697000000000000000000000000000000000000000025274000000000025274000000000000000000000000000000120220261202202600000000000000000000000000000000000000000000000000000000000000000000000000000000       
1040001300003T 460000004910850000000   14999000002908486912908486        190220260000000000192141040107002908486                  091000007837589955NAGILA VIEIRA DAMAZIO                             000000000000000020101                     
1040001300004U 46000000000000000000000000003465000000000000000000000000000000000000000015749000000000015749000000000000000000000000000000120220261302202600000000000000000000000000000000000000000000000000000000000000000000000000000000       
1040001300005T 460000004910850000000   14999000002938369612938369        120220260000000000415231040107002938369                  091000006857662924LUIZ LOCH LOCKS                                   000000000000000620300                     
1040001300006U 46000000000000000000000000000000000000000000000000000000000000000000000041523000000000041523000000000000000000000000000000120220261202202600000000000000000000000000000000000000000000000000000000000000000000000000000000       
10400015         00000800000000000000000000000000000000000000000000000000000000000000000000000000000000000000000000                                                                                                                             
10499999         000001000010                                                                                                                                                                                                                   
