10400000         2829265510001450000000000000000000001070749108500000000MUNICIPIO DE BRACO DO NORTE   C ECON FEDERAL                          71202202620362100002904000000                    RET ONLINE-PRODUCAO               000            
10400011T0100030 20829265510001450000000000000000000001070749108500000000MUNICIPIO DE BRACO DO NORTE                                                                                   00000029120220260000000000                          00   
1040001300001T 460000004910850000000   14999000002913557912913557        120220260000000001255430010000002913557                  091000090689968949EDESIO RODRIGUES NAZARIO                          000000000000000040301                     
1040001300002U 46000000000000000000000000054470000000000000000000000000000000000000000071073000000000071073000000000000000000000000000000120220261302202600000000000000000000000000000000000000000000000000000000000000000000000000000000       
1040001300003T 460000004910850000000   14999000002938130812938130        080620260000000000436791040107002938130                  091000007104004971THIAGO DELLA GIUSTINA                             000000000000000610300                     
1040001300004U 46000000000000000000000000005917000000000000000000000000000000000000000037762000000000037762000000000000000000000000000000120220261202202600000000000000000000000000000000000000000000000000000000000000000000000000000000       
10400015         00000600000000000000000000000000000000000000000000000000000000000000000000000000000000000000000000                                                                                                                             
10499999         000001000008                                                                                                                                                                                                                   
