10400000         2829265510001450000000000000000000001070749108500000000MUNICIPIO DE BRACO DO NORTE   C ECON FEDERAL                          71202202614370600001804000000                    RET ONLINE-PRODUCAO               000            
10400011T0100030 20829265510001450000000000000000000001070749108500000000MUNICIPIO DE BRACO DO NORTE                                                                                   00000018120220260000000000                          00   
1040001300001T 460000004910850000000   14999000002907279812907279        120220260000000004333151040107002907279                  092085325272000114AUGUSTO SILVA MOTTA                               000000000000000020101                     
1040001300002U 46000000000000000000000000212472000000000000000000000000000000000000000220843000000000220843000000000000000000000000000000120220261302202600000000000000000000000000000000000000000000000000000000000000000000000000000000       
1040001300003T 460000004910850000000   14999000002913471812913471        120220260000000000618901040107002913471                  092037603556000182ISRAEL NEGOCIOS LTDA                              000000000000000020101                     
1040001300004U 46000000000000000000000000026026000000000000000000000000000000000000000035864000000000035864000000000000000000000000000000120220261302202600000000000000000000000000000000000000000000000000000000000000000000000000000000       
1040001300005T 460000004910850000000   14999000002913487412913487        120220260000000002305061040107002913487                  091000025812599904MOISES NAZARIO COSTA                              000000000000000020101                     
1040001300006U 46000000000000000000000000049882000000000000000000000000000000000000000180624000000000180624000000000000000000000000000000120220261302202600000000000000000000000000000000000000000000000000000000000000000000000000000000       
10400015         00000800000000000000000000000000000000000000000000000000000000000000000000000000000000000000000000                                                                                                                             
10499999         000001000010                                                                                                                                                                                                                   
