10400000         2829265510001450000000000000000000001070749108500000000MUNICIPIO DE BRACO DO NORTE   C ECON FEDERAL                          71202202619062600002804000000                    RET ONLINE-PRODUCAO               000            
10400011T0100030 20829265510001450000000000000000000001070749108500000000MUNICIPIO DE BRACO DO NORTE                                                                                   00000028120220260000000000                          00   
1040001300001T 460000004910850000000   14999000002928877412928877        120220260000000000245461040107002928877                  091000004525834978CRISTIANE LESSA MARIANO                           000000000000000060301                     
1040001300002U 46000000000000000000000000000000000000000000000000000000000000000000000024546000000000024546000000000000000000000000000000120220261302202600000000000000000000000000000000000000000000000000000000000000000000000000000000       
10400015         00000400000000000000000000000000000000000000000000000000000000000000000000000000000000000000000000                                                                                                                             
10499999         000001000006                                                                                                                                                                                                                   
