10400000         2829265510001450000000000000000000001070749108500000000MUNICIPIO DE BRACO DO NORTE   C ECON FEDERAL                          71202202612365800001204000000                    RET ONLINE-PRODUCAO               000            
10400011T0100030 20829265510001450000000000000000000001070749108500000000MUNICIPIO DE BRACO DO NORTE                                                                                   00000012120220260000000000                          00   
1040001300001T 460000004910850000000   14999000002900410512900410        090320260000000001188397480000002900410                  091000082695466900ESPOLIO WANDA JUNKES THIESEN                      000000000000000040301                     
1040001300002U 46000000000000000000000000040724000000000000000000000000000000000000000078115000000000078115000000000000000000000000000000120220261302202600000000000000000000000000000000000000000000000000000000000000000000000000000000       
1040001300003T 460000004910850000000   14999000002923010512923010        120220260000000001415822370000002923010                  091000053250796972ALOISIO HEIDEMANN                                 000000000000000040301                     
1040001300004U 46000000000000000000000000000000000000000000000000000000000000000000000141582000000000141582000000000000000000000000000000120220261302202600000000000000000000000000000000000000000000000000000000000000000000000000000000       
1040001300005T 460000004910850000000   14999000002938134012938134        130220260000000001181957480000002938134                  091000082695466900ESPOLIO DE WANDA JUNKES THIESEN                   000000000000000040301                     
1040001300006U 46000000000000000000000000040717000000000000000000000000000000000000000077478000000000077478000000000000000000000000000000120220261302202600000000000000000000000000000000000000000000000000000000000000000000000000000000       
10400015         00000800000000000000000000000000000000000000000000000000000000000000000000000000000000000000000000                                                                                                                             
10499999         000001000010                                                                                                                                                                                                                   
