10400000         2829265510001450000000000000000000001070749108500000000MUNICIPIO DE BRACO DO NORTE   C ECON FEDERAL                          71202202616080600002204000000                    RET ONLINE-PRODUCAO               000            
10400011T0100030 20829265510001450000000000000000000001070749108500000000MUNICIPIO DE BRACO DO NORTE                                                                                   00000022120220260000000000                          00   
1040001300001T 460000004910850000000   14999000002922508012922508        120220260000000000161400330000002922508                  092043858808000117DS AUTOMOVEIS LTDA                                000000000000000040301                     
1040001300002U 46000000000000000000000000000000000000000000000000000000000000000000000016140000000000016140000000000000000000000000000000120220261302202600000000000000000000000000000000000000000000000000000000000000000000000000000000       
1040001300003T 460000004910850000000   14999000002936950212936950        110520260000000004917231040107002936950                  091000011738531970LEONARDO MATES DUSSMANN                           000000000000000620300                     
1040001300004U 46000000000000000000000000000000000000000000000000000000000000000000000491723000000000491723000000000000000000000000000000120220261202202600000000000000000000000000000000000000000000000000000000000000000000000000000000       
10400015         00000600000000000000000000000000000000000000000000000000000000000000000000000000000000000000000000                                                                                                                             
10499999         000001000008                                                                                                                                                                                                                   
