10400000         2829265510001450000000000000000000001070749108500000000MUNICIPIO DE BRACO DO NORTE   C ECON FEDERAL                          71202202611365800001004000000                    RET ONLINE-PRODUCAO               000            
10400011T0100030 20829265510001450000000000000000000001070749108500000000MUNICIPIO DE BRACO DO NORTE                                                                                   00000010120220260000000000                          00   
1040001300001T 460000004910850000000   14999000002832741512832741        120220260000000000574391360000002832741                  092010298323000167RAFAEL SOMBRIO FERNANDES   CIA LTDA               000000000000000040301                     
1040001300002U 46000000000000000000000000000000000000000000000000000000000000000000000057439000000000057439000000000000000000000000000000120220261302202600000000000000000000000000000000000000000000000000000000000000000000000000000000       
1040001300003T 460000004910850000000   14999000002882081212882081        010320260000000000242620010000002882081                  091000028832108968SANTELINO JERONIMO                                000000000000000040301                     
1040001300004U 46000000000000000000000000000000000000000000000000000000000000000000000024262000000000024262000000000000000000000000000000120220261302202600000000000000000000000000000000000000000000000000000000000000000000000000000000       
10400015         00000600000000000000000000000000000000000000000000000000000000000000000000000000000000000000000000                                                                                                                             
10499999         000001000008                                                                                                                                                                                                                   
