10400000         2829265510001450000000000000000000001070749108500000000MUNICIPIO DE BRACO DO NORTE   C ECON FEDERAL                          71202202614511400001904000000                    RET ONLINE-PRODUCAO               000            
10400011T0100030 20829265510001450000000000000000000001070749108500000000MUNICIPIO DE BRACO DO NORTE                                                                                   00000019120220260000000000                          00   
1040001300001T 460000004910850000000   14999000002896958112896958        170220260000000000670697560000002896958                  091000003251753908JORDANA SALVALAGIO RALDI                          000000000000000040301                     
1040001300002U 46000000000000000000000000025686000000000000000000000000000000000000000041383000000000041383000000000000000000000000000000120220261302202600000000000000000000000000000000000000000000000000000000000000000000000000000000       
1040001300003T 460000004910850000000   14999000002928602012928602        120220260000000000357550010000002928602                  091000072160624934MARCOS SCHMIDT DELLA GIUSTINA                     000000000000000040301                     
1040001300004U 46000000000000000000000000000000000000000000000000000000000000000000000035755000000000035755000000000000000000000000000000120220261302202600000000000000000000000000000000000000000000000000000000000000000000000000000000       
1040001300005T 460000004910850000000   14999000002936838712936838        110520260000000007706603230107002936838                  091000047129115904RAQUEL VOLPATO DEBIASI                            000000000000000620300                     
1040001300006U 46000000000000000000000000000000000000000000000000000000000000000000000770660000000000770660000000000000000000000000000000120220261202202600000000000000000000000000000000000000000000000000000000000000000000000000000000       
1040001300007T 460000004910850000000   14999000002937068312937068        120220260000000000133087560000002937068                  092010934913000139DF IMPORTACAO E FABRICACAO DE EQUIPAMENT          000000000000000040301                     
1040001300008U 46000000000000000000000000000000000000000000000000000000000000000000000013308000000000013308000000000000000000000000000000120220261302202600000000000000000000000000000000000000000000000000000000000000000000000000000000       
10400015         00001000000000000000000000000000000000000000000000000000000000000000000000000000000000000000000000                                                                                                                             
10499999         000001000012                                                                                                                                                                                                                   
