10400000         2829265510001450000000000000000000001070749108500000000MUNICIPIO DE BRACO DO NORTE   C ECON FEDERAL                          71202202609212200000404000000                    RET ONLINE-PRODUCAO               000            
10400011T0100030 20829265510001450000000000000000000001070749108500000000MUNICIPIO DE BRACO DO NORTE                                                                                   00000004120220260000000000                          00   
1040001300001T 460000004910850000000   14999000002928198212928198        060320260000000000387661040107002928198                  091000075813319972EVERALDO CORREA HASKEL                            000000000000000020101                     
1040001300002U 46000000000000000000000000001938000000000000000000000000000000000000000036828000000000036828000000000000000000000000000000120220261302202600000000000000000000000000000000000000000000000000000000000000000000000000000000       
1040001300003T 460000004910850000000   14999000002928199012928199        060320260000000000496201040107002928199                  091000075813319972EVERALDO CORREA HASKEL                            000000000000000020101                     
1040001300004U 46000000000000000000000000009924000000000000000000000000000000000000000039696000000000039696000000000000000000000000000000120220261302202600000000000000000000000000000000000000000000000000000000000000000000000000000000       
10400015         00000600000000000000000000000000000000000000000000000000000000000000000000000000000000000000000000                                                                                                                             
10499999         000001000008                                                                                                                                                                                                                   
