10400000         2829265510001450000000000000000000001070749108500000000MUNICIPIO DE BRACO DO NORTE   C ECON FEDERAL                          71102202620070500003204000000                    RET ONLINE-PRODUCAO               000            
10400011T0100030 20829265510001450000000000000000000001070749108500000000MUNICIPIO DE BRACO DO NORTE                                                                                   00000032110220260000000000                          00   
1040001300001T 460000004910850000000   14999000002894595012894595        110220260000000000301137560000002894595                  091000029831237900AUREA TRAMONTIN KOCH                              000000000000000040301                     
1040001300002U 46000000000000000000000000008012000000000000000000000000000000000000000022101000000000022101000000000000000000000000000000110220261202202600000000000000000000000000000000000000000000000000000000000000000000000000000000       
1040001300003T 460000004910850000000   14999000002894601812894601        110220260000000000563217560000002894601                  092005326883000148AUGUSTINHO MACHADO E CIA LTDA                     000000000000000040301                     
1040001300004U 46000000000000000000000000010630000000000000000000000000000000000000000045691000000000045691000000000000000000000000000000110220261202202600000000000000000000000000000000000000000000000000000000000000000000000000000000       
10400015         00000600000000000000000000000000000000000000000000000000000000000000000000000000000000000000000000                                                                                                                             
10499999         000001000008                                                                                                                                                                                                                   
