10400000         2829265510001450000000000000000000001070749108500000000MUNICIPIO DE BRACO DO NORTE   C ECON FEDERAL                          71102202614055800001704000000                    RET ONLINE-PRODUCAO               000            
10400011T0100030 20829265510001450000000000000000000001070749108500000000MUNICIPIO DE BRACO DO NORTE                                                                                   00000017110220260000000000                          00   
1040001300001T 460000004910850000000   14999000002922612412922612        110220260000000000352377560000002922612                  091000005526901980ADRIANO DE SOUZA                                  000000000000000040301                     
1040001300002U 46000000000000000000000000000000000000000000000000000000000000000000000035237000000000035237000000000000000000000000000000110220261202202600000000000000000000000000000000000000000000000000000000000000000000000000000000       
10400015         00000400000000000000000000000000000000000000000000000000000000000000000000000000000000000000000000                                                                                                                             
10499999         000001000006                                                                                                                                                                                                                   
