10400000         2829265510001450000000000000000000001070749108500000000MUNICIPIO DE BRACO DO NORTE   C ECON FEDERAL                          71102202617371800002804000000                    RET ONLINE-PRODUCAO               000            
10400011T0100030 20829265510001450000000000000000000001070749108500000000MUNICIPIO DE BRACO DO NORTE                                                                                   00000028110220260000000000                          00   
1040001300001T 460000004910850000000   14999000002925903012925903        110220260000000000342550330000002925903                  092042097431000168GAB SERVICOS ADMINISTRATIVOS LTDA                 000000000000000040301                     
1040001300002U 46000000000000000000000000000000000000000000000000000000000000000000000034255000000000034255000000000000000000000000000000110220261202202600000000000000000000000000000000000000000000000000000000000000000000000000000000       
10400015         00000400000000000000000000000000000000000000000000000000000000000000000000000000000000000000000000                                                                                                                             
10499999         000001000006                                                                                                                                                                                                                   
