10400000         2829265510001450000000000000000000001070749108500000000MUNICIPIO DE BRACO DO NORTE   C ECON FEDERAL                          71102202610514400000904000000                    RET ONLINE-PRODUCAO               000            
10400011T0100030 20829265510001450000000000000000000001070749108500000000MUNICIPIO DE BRACO DO NORTE                                                                                   00000009110220260000000000                          00   
1040001300001T 460000004910850000000   14999000002925564712925564        110220260000000001183181040107002925564                  092015567786000109ART EMPREENDIMENTOS IMOBILIARIOS LTDA             000000000000000060301                     
1040001300002U 46000000000000000000000000000000000000000000000000000000000000000000000118318000000000118318000000000000000000000000000000110220261202202600000000000000000000000000000000000000000000000000000000000000000000000000000000       
1040001300003T 460000004910850000000   14999000002925565512925565        110220260000000001590091040107002925565                  092015567786000109ART EMPREENDIMENTOS IMOBILIARIOS LTDA             000000000000000060301                     
1040001300004U 46000000000000000000000000000000000000000000000000000000000000000000000159009000000000159009000000000000000000000000000000110220261202202600000000000000000000000000000000000000000000000000000000000000000000000000000000       
10400015         00000600000000000000000000000000000000000000000000000000000000000000000000000000000000000000000000                                                                                                                             
10499999         000001000008                                                                                                                                                                                                                   
