10400000         2829265510001450000000000000000000001070749108500000000MUNICIPIO DE BRACO DO NORTE   C ECON FEDERAL                          71102202613225500001504000000                    RET ONLINE-PRODUCAO               000            
10400011T0100030 20829265510001450000000000000000000001070749108500000000MUNICIPIO DE BRACO DO NORTE                                                                                   00000015110220260000000000                          00   
1040001300001T 460000004910850000000   14999000002923921812923921        150220260000000000975563800107002923921                  091000000518997952VALDOMIRO FERREIRA DE LIMA                        000000000000000620300                     
1040001300002U 46000000000000000000000000000000000000000000000000000000000000000000000097556000000000097556000000000000000000000000000000110220261102202600000000000000000000000000000000000000000000000000000000000000000000000000000000       
10400015         00000400000000000000000000000000000000000000000000000000000000000000000000000000000000000000000000                                                                                                                             
10499999         000001000006                                                                                                                                                                                                                   
