10400000         2829265510001450000000000000000000001070749108500000000MUNICIPIO DE BRACO DO NORTE   C ECON FEDERAL                          71102202608373600000304000000                    RET ONLINE-PRODUCAO               000            
10400011T0100030 20829265510001450000000000000000000001070749108500000000MUNICIPIO DE BRACO DO NORTE                                                                                   00000003110220260000000000                          00   
1040001300001T 460000004910850000000   14999000002902520012902520        060320260000000001141441330000002902520                  092055455812000113KULKAMP HORTICULTURA LTDA                         000000000000000040301                     
1040001300002U 46000000000000000000000000000000000000000000000000000000000000000000000114144000000000114144000000000000000000000000000000110220261202202600000000000000000000000000000000000000000000000000000000000000000000000000000000       
1040001300003T 460000004910850000000   14999000002902521812902521        060320260000000000209331330000002902521                  092055455812000113KULKAMP HORTICULTURA LTDA                         000000000000000040301                     
1040001300004U 46000000000000000000000000000000000000000000000000000000000000000000000020933000000000020933000000000000000000000000000000110220261202202600000000000000000000000000000000000000000000000000000000000000000000000000000000       
10400015         00000600000000000000000000000000000000000000000000000000000000000000000000000000000000000000000000                                                                                                                             
10499999         000001000008                                                                                                                                                                                                                   
