10400000         2829265510001450000000000000000000001070749108500000000MUNICIPIO DE BRACO DO NORTE   C ECON FEDERAL                          71102202611213800001104000000                    RET ONLINE-PRODUCAO               000            
10400011T0100030 20829265510001450000000000000000000001070749108500000000MUNICIPIO DE BRACO DO NORTE                                                                                   00000011110220260000000000                          00   
1040001300001T 460000004910850000000   14999000002925550712925550        060320260000000004244357560000002925550                  092042027734000104ADILSON LADI FERREIRA                             000000000000000040301                     
1040001300002U 46000000000000000000000000000000000000000000000000000000000000000000000424435000000000424435000000000000000000000000000000110220261202202600000000000000000000000000000000000000000000000000000000000000000000000000000000       
1040001300003T 460000004910850000000   14999000002933532212933532        030520260000000020117231040107002933532                  092063341540000159JOCKEN JERONIMO EMPREENDIMENTOS IMOBILIA          000000000000000620300                     
1040001300004U 46000000000000000000000000000000000000000000000000000000000000000000002011723000000002011723000000000000000000000000000000110220261102202600000000000000000000000000000000000000000000000000000000000000000000000000000000       
1040001300005T 460000004910850000000   14999000002933645012933645        030520260000000015317231040107002933645                  092063341540000159JOCKEN JERONIMO EMPREENDIMENTOS IMOBILIA          000000000000000620300                     
1040001300006U 46000000000000000000000000000000000000000000000000000000000000000000001531723000000001531723000000000000000000000000000000110220261102202600000000000000000000000000000000000000000000000000000000000000000000000000000000       
1040001300007T 460000004910850000000   14999000002935060712935060        110220260000000001747330010000002935060                  092003120179000109PIETRAN INDUSTRIA E COMERCIO DE CARNES L          000000000000000040301                     
1040001300008U 46000000000000000000000000000000000000000000000000000000000000000000000174733000000000174733000000000000000000000000000000110220261202202600000000000000000000000000000000000000000000000000000000000000000000000000000000       
1040001300009T 460000004910850000000   14999000002936650312936650        140220260000000000077531040107902936650                  09205973534600018059.735.346 MARIANA ALBERTON ASCARI                000000000000000060301                     
1040001300010U 46000000000000000000000000000000000000000000000000000000000000000000000007753000000000007753000000000000000000000000000000110220261202202600000000000000000000000000000000000000000000000000000000000000000000000000000000       
1040001300011T 460000004910850000000   14999000002936652012936652        110220260000000000327021040107002936652                  092007694616000159SERRALHERIA OTAVIO LTDA                           000000000000000620300                     
1040001300012U 46000000000000000000000000004523000000000000000000000000000000000000000028179000000000028179000000000000000000000000000000110220261102202600000000000000000000000000000000000000000000000000000000000000000000000000000000       
10400015         00001400000000000000000000000000000000000000000000000000000000000000000000000000000000000000000000                                                                                                                             
10499999         000001000016                                                                                                                                                                                                                   
