10400000         2829265510001450000000000000000000001070749108500000000MUNICIPIO DE BRACO DO NORTE   C ECON FEDERAL                          71102202616212500002304000000                    RET ONLINE-PRODUCAO               000            
10400011T0100030 20829265510001450000000000000000000001070749108500000000MUNICIPIO DE BRACO DO NORTE                                                                                   00000023110220260000000000                          00   
1040001300001T 460000004910850000000   14999000002897091112897091        110220260000000000692831040385002897091                  091000010282378987VICENTE GAZINSKI                                  000000000000000020101                     
1040001300002U 46000000000000000000000000000000000000000000000000000000000000000000000069283000000000069283000000000000000000000000000000110220261202202600000000000000000000000000000000000000000000000000000000000000000000000000000000       
1040001300003T 460000004910850000000   14999000002913570612913570        120220260000000009373417480000002913570                  091000001907476920LUCAS MEDEIROS NETO                               000000000000000040101                     
1040001300004U 46000000000000000000000000332449000000000000000000000000000000000000000604892000000000604892000000000000000000000000000000110220261202202600000000000000000000000000000000000000000000000000000000000000000000000000000000       
10400015         00000600000000000000000000000000000000000000000000000000000000000000000000000000000000000000000000                                                                                                                             
10499999         000001000008                                                                                                                                                                                                                   
