10400000         2829265510001450000000000000000000001070749108500000000MUNICIPIO DE BRACO DO NORTE   C ECON FEDERAL                          71102202607072000000104000000                    RET ONLINE-PRODUCAO               000            
10400011T0100030 20829265510001450000000000000000000001070749108500000000MUNICIPIO DE BRACO DO NORTE                                                                                   00000001110220260000000000                          00   
1040001300001T 460000004910850000000   14999000002901824612901824        100220260000000000794730000000002901824                  091000057535400906ESPOLIO DE AMBROSIO BORBA                         000000000000000620300                     
1040001300002U 46000000000000000000000000025676000000000000000000000000000000000000000053797000000000053797000000000000000000000000000000100220261102202600000000000000000000000000000000000000000000000000000000000000000000000000000000       
1040001300003T 460000004910850000000   14999000002913111512913111        110220260000000000167717480000002913111                  091000086889826949JAIR ANTONIO GAINSKI                              000000000000000040301                     
1040001300004U 46000000000000000000000000004433000000000000000000000000000000000000000012338000000000012338000000000000000000000000000000110220261202202600000000000000000000000000000000000000000000000000000000000000000000000000000000       
1040001300005T 460000004910850000000   14999000002925558212925558        080620260000000000212522600000002925558                  092042236584000149BNM URBANIZACAO LTDA                              000000000000000040301                     
1040001300006U 46000000000000000000000000000000000000000000000000000000000000000000000021252000000000021252000000000000000000000000000000110220261202202600000000000000000000000000000000000000000000000000000000000000000000000000000000       
1040001300007T 460000004910850000000   14999000002930438912930438        100220260000000006172387480000002930438                  092007210863000485RICKEN ALIMENTOS LTDA                             000000000000000040301                     
1040001300008U 46000000000000000000000000000000000000000000000000000000000000000000000617238000000000617238000000000000000000000000000000100220261102202600000000000000000000000000000000000000000000000000000000000000000000000000000000       
10400015         00001000000000000000000000000000000000000000000000000000000000000000000000000000000000000000000000                                                                                                                             
10499999         000001000012                                                                                                                                                                                                                   
