10400000         2829265510001450000000000000000000001070749108500000000MUNICIPIO DE BRACO DO NORTE   C ECON FEDERAL                          71102202609512100000604000000                    RET ONLINE-PRODUCAO               000            
10400011T0100030 20829265510001450000000000000000000001070749108500000000MUNICIPIO DE BRACO DO NORTE                                                                                   00000006110220260000000000                          00   
1040001300001T 460000004910850000000   14999000002903006812903006        160220260000000007603617480000002903006                  092011943483000184MB ADMINISTRADORA DE IMOVEIS LTDA                 000000000000000040301                     
1040001300002U 46000000000000000000000000000000000000000000000000000000000000000000000760361000000000760361000000000000000000000000000000110220261202202600000000000000000000000000000000000000000000000000000000000000000000000000000000       
1040001300003T 460000004910850000000   14999000002923046612923046        060320260000000001473091040107002923046                  091000006744746944DARA WARMLING MICHELS                             000000000000000020101                     
1040001300004U 46000000000000000000000000000000000000000000000000000000000000000000000147309000000000147309000000000000000000000000000000110220261202202600000000000000000000000000000000000000000000000000000000000000000000000000000000       
10400015         00000600000000000000000000000000000000000000000000000000000000000000000000000000000000000000000000                                                                                                                             
10499999         000001000008                                                                                                                                                                                                                   
