10400000         2829265510001450000000000000000000001070749108500000000MUNICIPIO DE BRACO DO NORTE   C ECON FEDERAL                          71102202616071700002204000000                    RET ONLINE-PRODUCAO               000            
10400011T0100030 20829265510001450000000000000000000001070749108500000000MUNICIPIO DE BRACO DO NORTE                                                                                   00000022110220260000000000                          00   
1040001300001T 460000004910850000000   14999000002923599912923599        060320260000000001375170010000002923599                  092003774688006005SERVICO NACIONAL DE APRENDIZAGEM INDUSTR          000000000000000040301                     
1040001300002U 46000000000000000000000000000000000000000000000000000000000000000000000137517000000000137517000000000000000000000000000000110220261202202600000000000000000000000000000000000000000000000000000000000000000000000000000000       
1040001300003T 460000004910850000000   14999000002923600612923600        060320260000000000247640010000002923600                  092003774688006005SERVICO NACIONAL DE APRENDIZAGEM INDUSTR          000000000000000040301                     
1040001300004U 46000000000000000000000000000000000000000000000000000000000000000000000024764000000000024764000000000000000000000000000000110220261202202600000000000000000000000000000000000000000000000000000000000000000000000000000000       
1040001300005T 460000004910850000000   14999000002928290312928290        080620260000000000064720010000002928290                  091000007064452952ALICE BAGGIO WEBER KEMPER                         000000000000000040301                     
1040001300006U 46000000000000000000000000000000000000000000000000000000000000000000000006472000000000006472000000000000000000000000000000110220261202202600000000000000000000000000000000000000000000000000000000000000000000000000000000       
1040001300007T 460000004910850000000   14999000002928291112928291        080620260000000000372280010000002928291                  091000007064452952ALICE BAGGIO WEBER KEMPER                         000000000000000040301                     
1040001300008U 46000000000000000000000000000000000000000000000000000000000000000000000037228000000000037228000000000000000000000000000000110220261202202600000000000000000000000000000000000000000000000000000000000000000000000000000000       
1040001300009T 460000004910850000000   14999000002928292012928292        080620260000000000372280010000002928292                  091000007064452952ALICE BAGGIO WEBER KEMPER                         000000000000000040301                     
1040001300010U 46000000000000000000000000000000000000000000000000000000000000000000000037228000000000037228000000000000000000000000000000110220261202202600000000000000000000000000000000000000000000000000000000000000000000000000000000       
1040001300011T 460000004910850000000   14999000002928293812928293        080620260000000000064720010000002928293                  091000007064452952ALICE BAGGIO WEBER KEMPER                         000000000000000040301                     
1040001300012U 46000000000000000000000000000000000000000000000000000000000000000000000006472000000000006472000000000000000000000000000000110220261202202600000000000000000000000000000000000000000000000000000000000000000000000000000000       
10400015         00001400000000000000000000000000000000000000000000000000000000000000000000000000000000000000000000                                                                                                                             
10499999         000001000016                                                                                                                                                                                                                   
