10400000         2829265510001450000000000000000000001070749108500000000MUNICIPIO DE BRACO DO NORTE   C ECON FEDERAL                          71102202617072300002604000000                    RET ONLINE-PRODUCAO               000            
10400011T0100030 20829265510001450000000000000000000001070749108500000000MUNICIPIO DE BRACO DO NORTE                                                                                   00000026110220260000000000                          00   
1040001300001T 460000004910850000000   14999000002922290012922290        100220260000000000090367560000002922290                  092016749396000104PRIMOS GUINCHOS LTDA                              000000000000000040301                     
1040001300002U 46000000000000183000000000000000000000000000000000000000000000000000000009219000000000009219000000000000000000000000000000110220261202202600000000000000000000000000000000000000000000000000000000000000000000000000000000       
1040001300003T 460000004910850000000   14999000002922377012922377        100220260000000000049912370000002922377                  092045033465000187LUIZ CARLOS ROHDEN MEURER LTDA                    000000000000000040301                     
1040001300004U 46000000000000100000000000000000000000000000000000000000000000000000000005091000000000005091000000000000000000000000000000110220261202202600000000000000000000000000000000000000000000000000000000000000000000000000000000       
1040001300005T 460000004910850000000   14999000002935048812935048        220220260000000000126820010000002935048                  092005858851000193TRIBUNAL REGIONAL ELEITORAL DE SANTA CAT          000000000000000040301                     
1040001300006U 46000000000000000000000000000000000000000000000000000000000000000000000012682000000000012682000000000000000000000000000000110220261202202600000000000000000000000000000000000000000000000000000000000000000000000000000000       
10400015         00000800000000000000000000000000000000000000000000000000000000000000000000000000000000000000000000                                                                                                                             
10499999         000001000010                                                                                                                                                                                                                   
