10400000         2829265510001450000000000000000000001070749108500000000MUNICIPIO DE BRACO DO NORTE   C ECON FEDERAL                          71102202610212800000804000000                    RET ONLINE-PRODUCAO               000            
10400011T0100030 20829265510001450000000000000000000001070749108500000000MUNICIPIO DE BRACO DO NORTE                                                                                   00000008110220260000000000                          00   
1040001300001T 460000004910850000000   14999000002913095012913095        110220260000000000571751040107002913095                  091000090689909934LEOCIR DE SOUZA                                   000000000000000020101                     
1040001300002U 46000000000000000000000000013234000000000000000000000000000000000000000043941000000000043941000000000000000000000000000000110220261202202600000000000000000000000000000000000000000000000000000000000000000000000000000000       
1040001300003T 460000004910850000000   14999000002923981112923981        060320260000000000353820010000002923981                  092009089639000160GLOBAL CASING IMPORTACAO E EXPORTACAO LT          000000000000000040301                     
1040001300004U 46000000000000000000000000000000000000000000000000000000000000000000000035382000000000035382000000000000000000000000000000110220261202202600000000000000000000000000000000000000000000000000000000000000000000000000000000       
1040001300005T 460000004910850000000   14999000002924035612924035        060320260000000000353820010000002924035                  092009089639000240GLOBAL CASING IMPORTACAO E EXPORTACAO LT          000000000000000040301                     
1040001300006U 46000000000000000000000000000000000000000000000000000000000000000000000035382000000000035382000000000000000000000000000000110220261202202600000000000000000000000000000000000000000000000000000000000000000000000000000000       
10400015         00000800000000000000000000000000000000000000000000000000000000000000000000000000000000000000000000                                                                                                                             
10499999         000001000010                                                                                                                                                                                                                   
