10400000         2829265510001450000000000000000000001070749108500000000MUNICIPIO DE BRACO DO NORTE   C ECON FEDERAL                          71102202614511000001904000000                    RET ONLINE-PRODUCAO               000            
10400011T0100030 20829265510001450000000000000000000001070749108500000000MUNICIPIO DE BRACO DO NORTE                                                                                   00000019110220260000000000                          00   
1040001300001T 460000004910850000000   14999000002697656412697656        120220260000000000173131040107002697656                  092034208408000256CM FERNDANDES ODONTOLOGIA LTDA                    000000000000000020101                     
1040001300002U 46000000000000000000000000000000000000000000000000000000000000000000000017313000000000017313000000000000000000000000000000110220261202202600000000000000000000000000000000000000000000000000000000000000000000000000000000       
1040001300003T 460000004910850000000   14999000002890996112890996        110220260000000000228352370107002890996                  091000078842590959SULENI APARECIDA PORTO                            000000000000000620300                     
1040001300004U 46000000000000000000000000000000000000000000000000000000000000000000000022835000000000022835000000000000000000000000000000110220261102202600000000000000000000000000000000000000000000000000000000000000000000000000000000       
1040001300005T 460000004910850000000   14999000002928124912928124        080620260000000000631340010000002928124                  091000065651707972VALDAIR MICHELS                                   000000000000000040301                     
1040001300006U 46000000000000000000000000000000000000000000000000000000000000000000000063134000000000063134000000000000000000000000000000110220261202202600000000000000000000000000000000000000000000000000000000000000000000000000000000       
1040001300007T 460000004910850000000   14999000002928125712928125        080620260000000000585590010000002928125                  091000065651707972VALDAIR MICHELS                                   000000000000000040301                     
1040001300008U 46000000000000000000000000000000000000000000000000000000000000000000000058559000000000058559000000000000000000000000000000110220261202202600000000000000000000000000000000000000000000000000000000000000000000000000000000       
10400015         00001000000000000000000000000000000000000000000000000000000000000000000000000000000000000000000000                                                                                                                             
10499999         000001000012                                                                                                                                                                                                                   
