10400000         2829265510001450000000000000000000001070749108500000000MUNICIPIO DE BRACO DO NORTE   C ECON FEDERAL                          71102202616511400002504000000                    RET ONLINE-PRODUCAO               000            
10400011T0100030 20829265510001450000000000000000000001070749108500000000MUNICIPIO DE BRACO DO NORTE                                                                                   00000025110220260000000000                          00   
1040001300001T 460000004910850000000   14999000002936941312936941        110520260000000001917231040107002936941                  091000010276494911DAVI MARTINS CITADIN                              000000000000000620300                     
1040001300002U 46000000000000000000000000000000000000000000000000000000000000000000000191723000000000191723000000000000000000000000000000110220261102202600000000000000000000000000000000000000000000000000000000000000000000000000000000       
1040001300003T 460000004910850000000   14999000002937899412937899        110220260000000007926467480000002937899                  091000077408845968PATRICIA VIEIRA KOCH                              000000000000000040301                     
1040001300004U 46000000000000000000000000163703000000000000000000000000000000000000000628943000000000628943000000000000000000000000000000110220261202202600000000000000000000000000000000000000000000000000000000000000000000000000000000       
10400015         00000600000000000000000000000000000000000000000000000000000000000000000000000000000000000000000000                                                                                                                             
10499999         000001000008                                                                                                                                                                                                                   
