10400000         2829265510001450000000000000000000001070749108500000000MUNICIPIO DE BRACO DO NORTE   C ECON FEDERAL                          71102202611512300001204000000                    RET ONLINE-PRODUCAO               000            
10400011T0100030 20829265510001450000000000000000000001070749108500000000MUNICIPIO DE BRACO DO NORTE                                                                                   00000012110220260000000000                          00   
1040001300001T 460000004910850000000   14999000002923063612923063        060320260000000001338017560000002923063                  092053275271000116CONFIAR SERVICOS DE APOIO ADMINISTRATIVO          000000000000000040301                     
1040001300002U 46000000000000000000000000000000000000000000000000000000000000000000000133801000000000133801000000000000000000000000000000110220261202202600000000000000000000000000000000000000000000000000000000000000000000000000000000       
1040001300003T 460000004910850000000   14999000002923243412923243        060320260000000002395717560000002923243                  092035446431000160POTENCIAL SERVICOS ADMINISTRATIVOS E TEL          000000000000000040301                     
1040001300004U 46000000000000000000000000000000000000000000000000000000000000000000000239571000000000239571000000000000000000000000000000110220261202202600000000000000000000000000000000000000000000000000000000000000000000000000000000       
1040001300005T 460000004910850000000   14999000002923401112923401        060320260000000000209337560000002923401                  092062538529000110MWM ADMINISTRADORA DE IMOVEIS LTDA                000000000000000040301                     
1040001300006U 46000000000000000000000000000000000000000000000000000000000000000000000020933000000000020933000000000000000000000000000000110220261202202600000000000000000000000000000000000000000000000000000000000000000000000000000000       
1040001300007T 460000004910850000000   14999000002923402012923402        060320260000000000993087560000002923402                  092062538529000110MWM ADMINISTRADORA DE IMOVEIS LTDA                000000000000000040301                     
1040001300008U 46000000000000000000000000000000000000000000000000000000000000000000000099308000000000099308000000000000000000000000000000110220261202202600000000000000000000000000000000000000000000000000000000000000000000000000000000       
1040001300009T 460000004910850000000   14999000002933640012933640        030520260000000019717237560000002933640                  092063341540000159JOCKEN JERONIMO EMPREENDIMENTOS IMOBILIA          000000000000000040301                     
1040001300010U 46000000000000000000000000000000000000000000000000000000000000000000001971723000000001971723000000000000000000000000000000110220261202202600000000000000000000000000000000000000000000000000000000000000000000000000000000       
1040001300011T 460000004910850000000   14999000002933642612933642        030520260000000026117237560000002933642                  092063341540000159JOCKEN JERONIMO EMPREENDIMENTOS IMOBILIA          000000000000000040301                     
1040001300012U 46000000000000000000000000000000000000000000000000000000000000000000002611723000000002611723000000000000000000000000000000110220261202202600000000000000000000000000000000000000000000000000000000000000000000000000000000       
1040001300013T 460000004910850000000   14999000002933643412933643        030520260000000159477237560000002933643                  092063341540000159JOCKEN JERONIMO EMPREENDIMENTOS IMOBILIA          000000000000000040301                     
1040001300014U 46000000000000000000000000000000000000000000000000000000000000000000015947723000000015947723000000000000000000000000000000110220261202202600000000000000000000000000000000000000000000000000000000000000000000000000000000       
10400015         00001600000000000000000000000000000000000000000000000000000000000000000000000000000000000000000000                                                                                                                             
10499999         000001000018                                                                                                                                                                                                                   
