10400000         2829265510001450000000000000000000001070749108500000000MUNICIPIO DE BRACO DO NORTE   C ECON FEDERAL                          71102202612512000001304000000                    RET ONLINE-PRODUCAO               000            
10400011T0100030 20829265510001450000000000000000000001070749108500000000MUNICIPIO DE BRACO DO NORTE                                                                                   00000013110220260000000000                          00   
1040001300001T 460000004910850000000   14999000002925637612925637        110220260000000000280431330000002925637                  092051902893000100RUMINAR ASSISTENCIA VETERINARIA LTDA              000000000000000040301                     
1040001300002U 46000000000000000000000000000000000000000000000000000000000000000000000028043000000000028043000000000000000000000000000000110220261202202600000000000000000000000000000000000000000000000000000000000000000000000000000000       
1040001300003T 460000004910850000000   14999000002925638412925638        110220260000000002168801330000002925638                  092051902893000100RUMINAR ASSISTENCIA VETERINARIA LTDA              000000000000000040301                     
1040001300004U 46000000000000000000000000000000000000000000000000000000000000000000000216880000000000216880000000000000000000000000000000110220261202202600000000000000000000000000000000000000000000000000000000000000000000000000000000       
10400015         00000600000000000000000000000000000000000000000000000000000000000000000000000000000000000000000000                                                                                                                             
10499999         000001000008                                                                                                                                                                                                                   
