10400000         2829265510001450000000000000000000001070749108500000000MUNICIPIO DE BRACO DO NORTE   C ECON FEDERAL                          71102202611065300001004000000                    RET ONLINE-PRODUCAO               000            
10400011T0100030 20829265510001450000000000000000000001070749108500000000MUNICIPIO DE BRACO DO NORTE                                                                                   00000010110220260000000000                          00   
1040001300001T 460000004910850000000   14999000002907210012907210        110220260000000000771201040107002907210                  091000042271657091VITOR PAULO RAMOS                                 000000000000000020101                     
1040001300002U 46000000000000000000000000014460000000000000000000000000000000000000000062660000000000062660000000000000000000000000000000110220261202202600000000000000000000000000000000000000000000000000000000000000000000000000000000       
10400015         00000400000000000000000000000000000000000000000000000000000000000000000000000000000000000000000000                                                                                                                             
10499999         000001000006                                                                                                                                                                                                                   
