10400000         2829265510001450000000000000000000001070749108500000000MUNICIPIO DE BRACO DO NORTE   C ECON FEDERAL                          71102202609364400000504000000                    RET ONLINE-PRODUCAO               000            
10400011T0100030 20829265510001450000000000000000000001070749108500000000MUNICIPIO DE BRACO DO NORTE                                                                                   00000005110220260000000000                          00   
1040001300001T 460000004910850000000   14999000002936719412936719        110520260000000000992230010000002936719                  091000061881511987JOSE NEVES CORREA                                 000000000000000040301                     
1040001300002U 46000000000000000000000000000000000000000000000000000000000000000000000099223000000000099223000000000000000000000000000000110220261202202600000000000000000000000000000000000000000000000000000000000000000000000000000000       
1040001300003T 460000004910850000000   14999000002936837912936837        110520260000000001635742370000002936837                  092064922794000123RESIDENCIAL LEGACY TOWER SPE LTDA                 000000000000000040301                     
1040001300004U 46000000000000000000000000000000000000000000000000000000000000000000000163574000000000163574000000000000000000000000000000110220261202202600000000000000000000000000000000000000000000000000000000000000000000000000000000       
10400015         00000600000000000000000000000000000000000000000000000000000000000000000000000000000000000000000000                                                                                                                             
10499999         000001000008                                                                                                                                                                                                                   
