10400000         2829265510001450000000000000000000001070749108500000000MUNICIPIO DE BRACO DO NORTE   C ECON FEDERAL                          71102202617213100002704000000                    RET ONLINE-PRODUCAO               000            
10400011T0100030 20829265510001450000000000000000000001070749108500000000MUNICIPIO DE BRACO DO NORTE                                                                                   00000027110220260000000000                          00   
1040001300001T 460000004910850000000   14999000002895017112895017        110220260000000000301991040107002895017                  09203117900800019031.179.008 ELIETE DE OLIVEIRA SOUSA               000000000000000020101                     
1040001300002U 46000000000000000000000000011045000000000000000000000000000000000000000019154000000000019154000000000000000000000000000000110220261202202600000000000000000000000000000000000000000000000000000000000000000000000000000000       
1040001300003T 460000004910850000000   14999000002916221512916221        240220260000000001433340330000002916221                  091000004582965970SILVIA TOURNIER RODRIGUES                         000000000000000040301                     
1040001300004U 46000000000000000000000000035973000000000000000000000000000000000000000107361000000000107361000000000000000000000000000000110220261202202600000000000000000000000000000000000000000000000000000000000000000000000000000000       
10400015         00000600000000000000000000000000000000000000000000000000000000000000000000000000000000000000000000                                                                                                                             
10499999         000001000008                                                                                                                                                                                                                   
