10400000         2829265510001450000000000000000000001070749108500000000MUNICIPIO DE BRACO DO NORTE   C ECON FEDERAL                          71102202620505200003404000000                    RET ONLINE-PRODUCAO               000            
10400011T0100030 20829265510001450000000000000000000001070749108500000000MUNICIPIO DE BRACO DO NORTE                                                                                   00000034110220260000000000                          00   
1040001300001T 460000004910850000000   14999000002896864012896864        170220260000000000242592600000002896864                  091000062304186904VALMARI LONGUINHO                                 000000000000000040301                     
1040001300002U 46000000000000000000000000007278000000000000000000000000000000000000000016981000000000016981000000000000000000000000000000110220261202202600000000000000000000000000000000000000000000000000000000000000000000000000000000       
1040001300003T 460000004910850000000   14999000002928868512928868        220420260000000006517232600000002928868                  091000011510670912GUILHERME LAGO VOLPATO                            000000000000000040301                     
1040001300004U 46000000000000000000000000000000000000000000000000000000000000000000000651723000000000651723000000000000000000000000000000110220261202202600000000000000000000000000000000000000000000000000000000000000000000000000000000       
1040001300005T 460000004910850000000   14999000002928869312928869        220420260000000000717232600000002928869                  091000011510670912GUILHERME LAGO VOLPATO                            000000000000000040301                     
1040001300006U 46000000000000000000000000000000000000000000000000000000000000000000000071723000000000071723000000000000000000000000000000110220261202202600000000000000000000000000000000000000000000000000000000000000000000000000000000       
10400015         00000800000000000000000000000000000000000000000000000000000000000000000000000000000000000000000000                                                                                                                             
10499999         000001000010                                                                                                                                                                                                                   
