10400000         2829265510001450000000000000000000001070749108500000000MUNICIPIO DE BRACO DO NORTE   C ECON FEDERAL                          71102202614213900001804000000                    RET ONLINE-PRODUCAO               000            
10400011T0100030 20829265510001450000000000000000000001070749108500000000MUNICIPIO DE BRACO DO NORTE                                                                                   00000018110220260000000000                          00   
1040001300001T 460000004910850000000   14999000002928127312928127        080620260000000000380742600000002928127                  091000009054361999ARTHUR ULIANO MIRANDA                             000000000000000040301                     
1040001300002U 46000000000000000000000000000000000000000000000000000000000000000000000038074000000000038074000000000000000000000000000000110220261202202600000000000000000000000000000000000000000000000000000000000000000000000000000000       
10400015         00000400000000000000000000000000000000000000000000000000000000000000000000000000000000000000000000                                                                                                                             
10499999         000001000006                                                                                                                                                                                                                   
