10400000         2829265510001450000000000000000000001070749108500000000MUNICIPIO DE BRACO DO NORTE   C ECON FEDERAL                          71102202613074800001404000000                    RET ONLINE-PRODUCAO               000            
10400011T0100030 20829265510001450000000000000000000001070749108500000000MUNICIPIO DE BRACO DO NORTE                                                                                   00000014110220260000000000                          00   
1040001300001T 460000004910850000000   14999000002913124712913124        120220260000000000153691040107002913124                  091000079876749900SALETE SCH RHOFF                                  000000000000000060301                     
1040001300002U 46000000000000000000000000000000000000000000000000000000000000000000000015369000000000015369000000000000000000000000000000110220261202202600000000000000000000000000000000000000000000000000000000000000000000000000000000       
10400015         00000400000000000000000000000000000000000000000000000000000000000000000000000000000000000000000000                                                                                                                             
10499999         000001000006                                                                                                                                                                                                                   
