10400000         2829265510001450000000000000000000001070749108500000000MUNICIPIO DE BRACO DO NORTE   C ECON FEDERAL                          70502202619054200003404000000                    RET ONLINE-PRODUCAO               000            
10400011T0100030 20829265510001450000000000000000000001070749108500000000MUNICIPIO DE BRACO DO NORTE                                                                                   00000034050220260000000000                          00   
1040001300001T 460000004910850000000   14999000002901702912901702        100220260000000001526187480000002901702                  091000000007896905VANIO ROHLING                                     000000000000000040301                     
1040001300002U 46000000000000000000000000069039000000000000000000000000000000000000000083579000000000083579000000000000000000000000000000050220260602202600000000000000000000000000000000000000000000000000000000000000000000000000000000       
10400015         00000400000000000000000000000000000000000000000000000000000000000000000000000000000000000000000000                                                                                                                             
10499999         000001000006                                                                                                                                                                                                                   
