10400000         2829265510001450000000000000000000001070749108500000000MUNICIPIO DE BRACO DO NORTE   C ECON FEDERAL                          70502202611055300001104000000                    RET ONLINE-PRODUCAO               000            
10400011T0100030 20829265510001450000000000000000000001070749108500000000MUNICIPIO DE BRACO DO NORTE                                                                                   00000011050220260000000000                          00   
1040001300001T 460000004910850000000   14999000002920812612920812        050220260000000000475861040445302920812                  091000063246163987ESPOLIO DE CECILIA VIEIRA ALVES                   000000000000000020101                     
1040001300002U 46000000000000000000000000017287000000000000000000000000000000000000000030299000000000030299000000000000000000000000000000050220260602202600000000000000000000000000000000000000000000000000000000000000000000000000000000       
10400015         00000400000000000000000000000000000000000000000000000000000000000000000000000000000000000000000000                                                                                                                             
10499999         000001000006                                                                                                                                                                                                                   
