10400000         2829265510001450000000000000000000001070749108500000000MUNICIPIO DE BRACO DO NORTE   C ECON FEDERAL                          70502202612072600001404000000                    RET ONLINE-PRODUCAO               000            
10400011T0100030 20829265510001450000000000000000000001070749108500000000MUNICIPIO DE BRACO DO NORTE                                                                                   00000014050220260000000000                          00   
1040001300001T 460000004910850000000   14999000002934200012934200        060320260000000000496201040107002934200                  091000055991165904MANOEL TAVARES                                    000000000000000020101                     
1040001300002U 46000000000000000000000000009924000000000000000000000000000000000000000039696000000000039696000000000000000000000000000000050220260602202600000000000000000000000000000000000000000000000000000000000000000000000000000000       
1040001300003T 460000004910850000000   14999000002934201912934201        060320260000000000387661040107002934201                  091000055991165904MANOEL TAVARES                                    000000000000000020101                     
1040001300004U 46000000000000000000000000001938000000000000000000000000000000000000000036828000000000036828000000000000000000000000000000050220260602202600000000000000000000000000000000000000000000000000000000000000000000000000000000       
10400015         00000600000000000000000000000000000000000000000000000000000000000000000000000000000000000000000000                                                                                                                             
10499999         000001000008                                                                                                                                                                                                                   
