10400000         2829265510001450000000000000000000001070749108500000000MUNICIPIO DE BRACO DO NORTE   C ECON FEDERAL                          70502202616062800002604000000                    RET ONLINE-PRODUCAO               000            
10400011T0100030 20829265510001450000000000000000000001070749108500000000MUNICIPIO DE BRACO DO NORTE                                                                                   00000026050220260000000000                          00   
1040001300001T 460000004910850000000   14999000002912845912912845        100220260000000000145971040041002912845                  091000006994192989ANTONIO VIEIRA JACINTO                            000000000000000020101                     
1040001300002U 46000000000000000000000000003213000000000000000000000000000000000000000011384000000000011384000000000000000000000000000000050220260602202600000000000000000000000000000000000000000000000000000000000000000000000000000000       
1040001300003T 460000004910850000000   14999000002912881512912881        100220260000000000704260010000002912881                  091000002628248921RICARDO SEBOLD BRANCO                             000000000000000040301                     
1040001300004U 46000000000000000000000000018587000000000000000000000000000000000000000051839000000000051839000000000000000000000000000000050220260602202600000000000000000000000000000000000000000000000000000000000000000000000000000000       
1040001300005T 460000004910850000000   14999000002924115812924115        050220260000000000056030330000002924115                  092061194051000196LVCB PARTICIPACOES LTDA.                          000000000000000040301                     
1040001300006U 46000000000000000000000000000000000000000000000000000000000000000000000005603000000000005603000000000000000000000000000000050220260602202600000000000000000000000000000000000000000000000000000000000000000000000000000000       
1040001300007T 460000004910850000000   14999000002924116612924116        050220260000000000731800330000002924116                  092061194051000196LVCB PARTICIPACOES LTDA.                          000000000000000040301                     
1040001300008U 46000000000000000000000000000000000000000000000000000000000000000000000073180000000000073180000000000000000000000000000000050220260602202600000000000000000000000000000000000000000000000000000000000000000000000000000000       
1040001300009T 460000004910850000000   14999000002934738012934738        050220260000000000117661040107002934738                  091000089547012991IVONETE STRAPAZOLI                                000000000000000620300                     
1040001300010U 46000000000000000000000000000000000000000000000000000000000000000000000011766000000000011766000000000000000000000000000000050220260502202600000000000000000000000000000000000000000000000000000000000000000000000000000000       
10400015         00001200000000000000000000000000000000000000000000000000000000000000000000000000000000000000000000                                                                                                                             
10499999         000001000014                                                                                                                                                                                                                   
