10400000         2829265510001450000000000000000000001070749108500000000MUNICIPIO DE BRACO DO NORTE   C ECON FEDERAL                          70502202614502600002304000000                    RET ONLINE-PRODUCAO               000            
10400011T0100030 20829265510001450000000000000000000001070749108500000000MUNICIPIO DE BRACO DO NORTE                                                                                   00000023050220260000000000                          00   
1040001300001T 460000004910850000000   14999000002906255512906255        050220260000000001915911040107002906255                  092081362162000171AUTO ELETRICA RIO BONITO LTDA                     000000000000000620300                     
1040001300002U 46000000000000000000000000071313000000000000000000000000000000000000000120278000000000120278000000000000000000000000000000050220260502202600000000000000000000000000000000000000000000000000000000000000000000000000000000       
1040001300003T 460000004910850000000   14999000002929433212929433        250220260000000000570881040107002929433                  091000055720072934ESPOLIO SALUSTIANO DE LIMA CARLOTA                000000000000000020101                     
1040001300004U 46000000000000000000000000000000000000000000000000000000000000000000000057088000000000057088000000000000000000000000000000050220260602202600000000000000000000000000000000000000000000000000000000000000000000000000000000       
10400015         00000600000000000000000000000000000000000000000000000000000000000000000000000000000000000000000000                                                                                                                             
10499999         000001000008                                                                                                                                                                                                                   
