10400000         2829265510001450000000000000000000001070749108500000000MUNICIPIO DE BRACO DO NORTE   C ECON FEDERAL                          70502202618204700003304000000                    RET ONLINE-PRODUCAO               000            
10400011T0100030 20829265510001450000000000000000000001070749108500000000MUNICIPIO DE BRACO DO NORTE                                                                                   00000033050220260000000000                          00   
1040001300001T 460000004910850000000   14999000002934687112934687        050320260000000000077537560000002934687                  091000002065077980JOSE CARLOS RAMOS DO BONFIM                       000000000000000040301                     
1040001300002U 46000000000000000000000000000000000000000000000000000000000000000000000007753000000000007753000000000000000000000000000000050220260602202600000000000000000000000000000000000000000000000000000000000000000000000000000000       
10400015         00000400000000000000000000000000000000000000000000000000000000000000000000000000000000000000000000                                                                                                                             
10499999         000001000006                                                                                                                                                                                                                   
