10400000         2829265510001450000000000000000000001070749108500000000MUNICIPIO DE BRACO DO NORTE   C ECON FEDERAL                          70502202613205900001804000000                    RET ONLINE-PRODUCAO               000            
10400011T0100030 20829265510001450000000000000000000001070749108500000000MUNICIPIO DE BRACO DO NORTE                                                                                   00000018050220260000000000                          00   
1040001300001T 460000004910850000000   14999000002909348512909348        100220260000000000710161040107002909348                  091000079949525934VANIO HERMELINDO                                  000000000000000020101                     
1040001300002U 46000000000000000000000000029850000000000000000000000000000000000000000041166000000000041166000000000000000000000000000000050220260602202600000000000000000000000000000000000000000000000000000000000000000000000000000000       
1040001300003T 460000004910850000000   14999000002930682912930682        100220260000000001574472600000002930682                  091000053886780910NILTON VEBER                                      000000000000000040401                     
1040001300004U 46000000000000000000000000000000000000000000000000000000000000000000000157447000000000157447000000000000000000000000000000050220260602202600000000000000000000000000000000000000000000000000000000000000000000000000000000       
10400015         00000600000000000000000000000000000000000000000000000000000000000000000000000000000000000000000000                                                                                                                             
10499999         000001000008                                                                                                                                                                                                                   
