10400000         2829265510001450000000000000000000001070749108500000000MUNICIPIO DE BRACO DO NORTE   C ECON FEDERAL                          70502202620501100003604000000                    RET ONLINE-PRODUCAO               000            
10400011T0100030 20829265510001450000000000000000000001070749108500000000MUNICIPIO DE BRACO DO NORTE                                                                                   00000036050220260000000000                          00   
1040001300001T 460000004910850000000   14999000002919081212919081        050220260000000000260401040107002919081                  091000011649115970GUSTAVO RALDI DA SILVA                            000000000000000060301                     
1040001300002U 46000000000000000000000000000000000000000000000000000000000000000000000026040000000000026040000000000000000000000000000000050220260602202600000000000000000000000000000000000000000000000000000000000000000000000000000000       
10400015         00000400000000000000000000000000000000000000000000000000000000000000000000000000000000000000000000                                                                                                                             
10499999         000001000006                                                                                                                                                                                                                   
