10400000         2829265510001450000000000000000000001070749108500000000MUNICIPIO DE BRACO DO NORTE   C ECON FEDERAL                          70502202616363100002704000000                    RET ONLINE-PRODUCAO               000            
10400011T0100030 20829265510001450000000000000000000001070749108500000000MUNICIPIO DE BRACO DO NORTE                                                                                   00000027050220260000000000                          00   
1040001300001T 460000004910850000000   14999000002924720212924720        190220260000000000712541040107002924720                  091000047903392034SOLANGE ANTUNES                                   000000000000000020101                     
1040001300002U 46000000000000000000000000000000000000000000000000000000000000000000000071254000000000071254000000000000000000000000000000050220260602202600000000000000000000000000000000000000000000000000000000000000000000000000000000       
10400015         00000400000000000000000000000000000000000000000000000000000000000000000000000000000000000000000000                                                                                                                             
10499999         000001000006                                                                                                                                                                                                                   
