10400000         2829265510001450000000000000000000001070749108500000000MUNICIPIO DE BRACO DO NORTE   C ECON FEDERAL                          70502202612502700001704000000                    RET ONLINE-PRODUCAO               000            
10400011T0100030 20829265510001450000000000000000000001070749108500000000MUNICIPIO DE BRACO DO NORTE                                                                                   00000017050220260000000000                          00   
1040001300001T 460000004910850000000   14999000002934617012934617        060220260000000000159020010000002934617                  091000005866163900ALINE LOPES                                       000000000000000040301                     
1040001300002U 46000000000000000000000000004178000000000000000000000000000000000000000011724000000000011724000000000000000000000000000000050220260602202600000000000000000000000000000000000000000000000000000000000000000000000000000000       
10400015         00000400000000000000000000000000000000000000000000000000000000000000000000000000000000000000000000                                                                                                                             
10499999         000001000006                                                                                                                                                                                                                   
