10400000         2829265510001450000000000000000000001070749108500000000MUNICIPIO DE BRACO DO NORTE   C ECON FEDERAL                          70502202613374100001904000000                    RET ONLINE-PRODUCAO               000            
10400011T0100030 20829265510001450000000000000000000001070749108500000000MUNICIPIO DE BRACO DO NORTE                                                                                   00000019050220260000000000                          00   
1040001300001T 460000004910850000000   14999000002919085512919085        050220260000000006304450010000002919085                  091000037640143934CARLOS SANTOS DE SOUZA ROHDEN                     000000000000000040301                     
1040001300002U 46000000000000000000000000000000000000000000000000000000000000000000000630445000000000630445000000000000000000000000000000050220260602202600000000000000000000000000000000000000000000000000000000000000000000000000000000       
1040001300003T 460000004910850000000   14999000002919087112919087        050220260000000003211420010000002919087                  091000037640143934CARLOS SANTOS DE SOUZA ROHDEN                     000000000000000040301                     
1040001300004U 46000000000000000000000000000000000000000000000000000000000000000000000321142000000000321142000000000000000000000000000000050220260602202600000000000000000000000000000000000000000000000000000000000000000000000000000000       
1040001300005T 460000004910850000000   14999000002919089812919089        050220260000000018646970010000002919089                  091000037640143934CARLOS SANTOS DE SOUZA ROHDEN                     000000000000000040301                     
1040001300006U 46000000000000000000000000000000000000000000000000000000000000000000001864697000000001864697000000000000000000000000000000050220260602202600000000000000000000000000000000000000000000000000000000000000000000000000000000       
10400015         00000800000000000000000000000000000000000000000000000000000000000000000000000000000000000000000000                                                                                                                             
10499999         000001000010                                                                                                                                                                                                                   
