10400000         2829265510001450000000000000000000001070749108500000000MUNICIPIO DE BRACO DO NORTE   C ECON FEDERAL                          70502202615204900002404000000                    RET ONLINE-PRODUCAO               000            
10400011T0100030 20829265510001450000000000000000000001070749108500000000MUNICIPIO DE BRACO DO NORTE                                                                                   00000024050220260000000000                          00   
1040001300001T 460000004910850000000   14999000002901570012901570        090220260000000000223111040107002901570                  091000037855000925JOSE BLASIUS                                      000000000000000020101                     
1040001300002U 46000000000000000000000000011358000000000000000000000000000000000000000010953000000000010953000000000000000000000000000000050220260602202600000000000000000000000000000000000000000000000000000000000000000000000000000000       
1040001300003T 460000004910850000000   14999000002911664712911664        050220260000000000276333410000002911664                  091000054240220904ANTONIO DONIZETE RODRIGUES                        000000000000000040301                     
1040001300004U 46000000000000000000000000005948000000000000000000000000000000000000000021685000000000021685000000000000000000000000000000050220260602202600000000000000000000000000000000000000000000000000000000000000000000000000000000       
10400015         00000600000000000000000000000000000000000000000000000000000000000000000000000000000000000000000000                                                                                                                             
10499999         000001000008                                                                                                                                                                                                                   
