10400000         2829265510001450000000000000000000001070749108500000000MUNICIPIO DE BRACO DO NORTE   C ECON FEDERAL                          70502202619502400003504000000                    RET ONLINE-PRODUCAO               000            
10400011T0100030 20829265510001450000000000000000000001070749108500000000MUNICIPIO DE BRACO DO NORTE                                                                                   00000035050220260000000000                          00   
1040001300001T 460000004910850000000   14999000002898174312898174        100220260000000000401962600000002898174                  091000006405121941DIEGO FERREIRA VIEIRA                             000000000000000040301                     
1040001300002U 46000000000000000000000000000000000000000000000000000000000000000000000040196000000000040196000000000000000000000000000000050220260602202600000000000000000000000000000000000000000000000000000000000000000000000000000000       
1040001300003T 460000004910850000000   14999000002904470012904470        230220260000000000354141040107002904470                  091000050622935968MARCIO NUNES BEZA                                 000000000000000610300                     
1040001300004U 46000000000000000000000000007979000000000000000000000000000000000000000027435000000000027435000000000000000000000000000000050220260502202600000000000000000000000000000000000000000000000000000000000000000000000000000000       
10400015         00000600000000000000000000000000000000000000000000000000000000000000000000000000000000000000000000                                                                                                                             
10499999         000001000008                                                                                                                                                                                                                   
