10400000         2829265510001450000000000000000000001070749108500000000MUNICIPIO DE BRACO DO NORTE   C ECON FEDERAL                          70502202617503700003204000000                    RET ONLINE-PRODUCAO               000            
10400011T0100030 20829265510001450000000000000000000001070749108500000000MUNICIPIO DE BRACO DO NORTE                                                                                   00000032050220260000000000                          00   
1040001300001T 460000004910850000000   14999000002934749512934749        050220260000000000289130010000002934749                  091000003009438907CHARLES ALVES AGOSTINHO                           000000000000000040301                     
1040001300002U 46000000000000000000000000007018000000000000000000000000000000000000000021895000000000021895000000000000000000000000000000050220260602202600000000000000000000000000000000000000000000000000000000000000000000000000000000       
1040001300003T 460000004910850000000   14999000002934750912934750        170220260000000000287850010000002934750                  091000003009438907CHARLES ALVES AGOSTINHO                           000000000000000040301                     
1040001300004U 46000000000000000000000000007018000000000000000000000000000000000000000021767000000000021767000000000000000000000000000000050220260602202600000000000000000000000000000000000000000000000000000000000000000000000000000000       
10400015         00000600000000000000000000000000000000000000000000000000000000000000000000000000000000000000000000                                                                                                                             
10499999         000001000008                                                                                                                                                                                                                   
