10400000         2829265510001450000000000000000000001070749108500000000MUNICIPIO DE BRACO DO NORTE   C ECON FEDERAL                          70502202617070300002904000000                    RET ONLINE-PRODUCAO               000            
10400011T0100030 20829265510001450000000000000000000001070749108500000000MUNICIPIO DE BRACO DO NORTE                                                                                   00000029050220260000000000                          00   
1040001300001T 460000004910850000000   14999000002743740312743740        220320260000000000175987560000002743740                  092025192077000131IZALEIA RINALDI PIZONI LTDA                       000000000000000040301                     
1040001300002U 46000000000000000000000000000000000000000000000000000000000000000000000017598000000000017598000000000000000000000000000000050220260602202600000000000000000000000000000000000000000000000000000000000000000000000000000000       
1040001300003T 460000004910850000000   14999000002841175012841175        050220260000000000441551360000002841175                  091000020743319087CELSO BORGES DE SOUZA                             000000000000000040301                     
1040001300004U 46000000000000000000000000000000000000000000000000000000000000000000000044155000000000044155000000000000000000000000000000050220260602202600000000000000000000000000000000000000000000000000000000000000000000000000000000       
1040001300005T 460000004910850000000   14999000002883831212883831        070220260000000000226591040107002883831                  092020810174000127TAFAREL MAIA RODRIGUES                            000000000000000620300                     
1040001300006U 46000000000000000000000000000000000000000000000000000000000000000000000022659000000000022659000000000000000000000000000000050220260502202600000000000000000000000000000000000000000000000000000000000000000000000000000000       
1040001300007T 460000004910850000000   14999000002919075812919075        040320260000000000229457560000002919075                  091000007637017931JOSE FELISBINO JUNIOR                             000000000000000040301                     
1040001300008U 46000000000000000000000000000000000000000000000000000000000000000000000022945000000000022945000000000000000000000000000000050220260602202600000000000000000000000000000000000000000000000000000000000000000000000000000000       
1040001300009T 460000004910850000000   14999000002924121212924121        060320260000000002080521360000002924121                  092048580779000198NOVA ESTRELA PARTICIPACOES LTDA                   000000000000000040301                     
1040001300010U 46000000000000000000000000000000000000000000000000000000000000000000000208052000000000208052000000000000000000000000000000050220260602202600000000000000000000000000000000000000000000000000000000000000000000000000000000       
1040001300011T 460000004910850000000   14999000002934319812934319        270220260000000000117232370000002934319                  092041460321000156DSM COMERCIO ONLINE LTDA                          000000000000000040301                     
1040001300012U 46000000000000000000000000000000000000000000000000000000000000000000000011723000000000011723000000000000000000000000000000050220260602202600000000000000000000000000000000000000000000000000000000000000000000000000000000       
1040001300013T 460000004910850000000   14999000002934320112934320        050320260000000000117232370000002934320                  092041460321000407DSM COMERCIO ONLINE LTDA                          000000000000000040301                     
1040001300014U 46000000000000000000000000000000000000000000000000000000000000000000000011723000000000011723000000000000000000000000000000050220260602202600000000000000000000000000000000000000000000000000000000000000000000000000000000       
10400015         00001600000000000000000000000000000000000000000000000000000000000000000000000000000000000000000000                                                                                                                             
10499999         000001000018                                                                                                                                                                                                                   
