10400000         2829265510001450000000000000000000001070749108500000000MUNICIPIO DE BRACO DO NORTE   C ECON FEDERAL                          70502202609364200000504000000                    RET ONLINE-PRODUCAO               000            
10400011T0100030 20829265510001450000000000000000000001070749108500000000MUNICIPIO DE BRACO DO NORTE                                                                                   00000005050220260000000000                          00   
1040001300001T 460000004910850000000   14999000002915604512915604        230220260000000000825621040107002915604                  091000005924345912JORGE LUIZ VIEIRA                                 000000000000000620300                     
1040001300002U 46000000000000000000000000035932000000000000000000000000000000000000000046630000000000046630000000000000000000000000000000050220260502202600000000000000000000000000000000000000000000000000000000000000000000000000000000       
1040001300003T 460000004910850000000   14999000002929580012929580        260220260000000004491180010000002929580                  091000000943223920ESPOLIO DE JOSE KUERTEN                           000000000000000040301                     
1040001300004U 46000000000000000000000000000000000000000000000000000000000000000000000449118000000000449118000000000000000000000000000000050220260602202600000000000000000000000000000000000000000000000000000000000000000000000000000000       
10400015         00000600000000000000000000000000000000000000000000000000000000000000000000000000000000000000000000                                                                                                                             
10499999         000001000008                                                                                                                                                                                                                   
