10400000         2829265510001450000000000000000000001070749108500000000MUNICIPIO DE BRACO DO NORTE   C ECON FEDERAL                          70502202611371000001204000000                    RET ONLINE-PRODUCAO               000            
10400011T0100030 20829265510001450000000000000000000001070749108500000000MUNICIPIO DE BRACO DO NORTE                                                                                   00000012050220260000000000                          00   
1040001300001T 460000004910850000000   14999000002884613712884613        080220260000000000228601040107002884613                  091000096664037904JAIRO WILLEMANN                                   000000000000000020101                     
1040001300002U 46000000000000000000000000000000000000000000000000000000000000000000000022860000000000022860000000000000000000000000000000050220260602202600000000000000000000000000000000000000000000000000000000000000000000000000000000       
1040001300003T 460000004910850000000   14999000002900666312900666        090220260000000001105321040107002900666                  091000042271657091VITOR PAULO RAMOS                                 000000000000000020101                     
1040001300004U 46000000000000000000000000027742000000000000000000000000000000000000000082790000000000082790000000000000000000000000000000050220260602202600000000000000000000000000000000000000000000000000000000000000000000000000000000       
1040001300005T 460000004910850000000   14999000002924061512924061        050220260000000000254541330000002924061                  091000009345685960RAFAELA BECKHAUSER ULIANO                         000000000000000040301                     
1040001300006U 46000000000000000000000000000000000000000000000000000000000000000000000025454000000000025454000000000000000000000000000000050220260602202600000000000000000000000000000000000000000000000000000000000000000000000000000000       
1040001300007T 460000004910850000000   14999000002924062312924062        050220260000000000240061330000002924062                  091000009345685960RAFAELA BECKHAUSER ULIANO                         000000000000000040301                     
1040001300008U 46000000000000000000000000000000000000000000000000000000000000000000000024006000000000024006000000000000000000000000000000050220260602202600000000000000000000000000000000000000000000000000000000000000000000000000000000       
10400015         00001000000000000000000000000000000000000000000000000000000000000000000000000000000000000000000000                                                                                                                             
10499999         000001000012                                                                                                                                                                                                                   
