10400000         2829265510001450000000000000000000001070749108500000000MUNICIPIO DE BRACO DO NORTE   C ECON FEDERAL                          70502202614362100002204000000                    RET ONLINE-PRODUCAO               000            
10400011T0100030 20829265510001450000000000000000000001070749108500000000MUNICIPIO DE BRACO DO NORTE                                                                                   00000022050220260000000000                          00   
1040001300001T 460000004910850000000   14999000002934675812934675        070320260000000002002981040107002934675                  091000001134150954ALEXANDER DAMIAN MARTINEZ RODRIGUEZ               000000000000000020101                     
1040001300002U 46000000000000000000000000000000000000000000000000000000000000000000000200298000000000200298000000000000000000000000000000050220260602202600000000000000000000000000000000000000000000000000000000000000000000000000000000       
10400015         00000400000000000000000000000000000000000000000000000000000000000000000000000000000000000000000000                                                                                                                             
10499999         000001000006                                                                                                                                                                                                                   
