10400000         2829265510001450000000000000000000001070749108500000000MUNICIPIO DE BRACO DO NORTE   C ECON FEDERAL                          70502202615502100002504000000                    RET ONLINE-PRODUCAO               000            
10400011T0100030 20829265510001450000000000000000000001070749108500000000MUNICIPIO DE BRACO DO NORTE                                                                                   00000025050220260000000000                          00   
1040001300001T 460000004910850000000   14999000002906445012906445        050220260000000000175001040107002906445                  091000085375640953ANTONIO OURIQUES VIEIRA                           000000000000000020101                     
1040001300002U 46000000000000000000000000003258000000000000000000000000000000000000000014242000000000014242000000000000000000000000000000050220260602202600000000000000000000000000000000000000000000000000000000000000000000000000000000       
1040001300003T 460000004910850000000   14999000002907391312907391        060220260000000000293591040107002907391                  091000085375640953ANTONIO OURIQUES VIEIRA                           000000000000000020101                     
1040001300004U 46000000000000000000000000000000000000000000000000000000000000000000000029359000000000029359000000000000000000000000000000050220260602202600000000000000000000000000000000000000000000000000000000000000000000000000000000       
1040001300005T 460000004910850000000   14999000002934677412934677        050220260000000000176151040107002934677                  091000085375640953ANTONIO OURIQUES VIEIRA                           000000000000000020101                     
1040001300006U 46000000000000000000000000003258000000000000000000000000000000000000000014357000000000014357000000000000000000000000000000050220260602202600000000000000000000000000000000000000000000000000000000000000000000000000000000       
1040001300007T 460000004910850000000   14999000002934680412934680        070320260000000000328041040107002934680                  091000007553601926LUCILENE WIEMES SEIBICHLER                        000000000000000020101                     
1040001300008U 46000000000000000000000000000000000000000000000000000000000000000000000032804000000000032804000000000000000000000000000000050220260602202600000000000000000000000000000000000000000000000000000000000000000000000000000000       
10400015         00001000000000000000000000000000000000000000000000000000000000000000000000000000000000000000000000                                                                                                                             
10499999         000001000012                                                                                                                                                                                                                   
