10400000         2829265510001450000000000000000000001070749108500000000MUNICIPIO DE BRACO DO NORTE   C ECON FEDERAL                          70502202617203700003004000000                    RET ONLINE-PRODUCAO               000            
10400011T0100030 20829265510001450000000000000000000001070749108500000000MUNICIPIO DE BRACO DO NORTE                                                                                   00000030050220260000000000                          00   
1040001300001T 460000004910850000000   14999000002905527312905527        260220260000000000397411040107002905527                  091000060736941991GENTIL DA SILVA ROSA                              000000000000000020101                     
1040001300002U 46000000000000000000000000011648000000000000000000000000000000000000000028093000000000028093000000000000000000000000000000050220260602202600000000000000000000000000000000000000000000000000000000000000000000000000000000       
1040001300003T 460000004910850000000   14999000002924108512924108        060320260000000000697787560000002924108                  092024120613000120LV MIX COMERCIO DE CEREAIS LTDA                   000000000000000040301                     
1040001300004U 46000000000000000000000000000000000000000000000000000000000000000000000069778000000000069778000000000000000000000000000000050220260602202600000000000000000000000000000000000000000000000000000000000000000000000000000000       
1040001300005T 460000004910850000000   14999000002924109312924109        060320260000000003191707560000002924109                  092024120613000120LV MIX COMERCIO DE CEREAIS LTDA                   000000000000000040301                     
1040001300006U 46000000000000000000000000000000000000000000000000000000000000000000000319170000000000319170000000000000000000000000000000050220260602202600000000000000000000000000000000000000000000000000000000000000000000000000000000       
1040001300007T 460000004910850000000   14999000002934747912934747        070320260000000000730187560000002934747                  091000079618375900EDESIO REDIVO VIANA                               000000000000000040301                     
1040001300008U 46000000000000000000000000000000000000000000000000000000000000000000000073018000000000073018000000000000000000000000000000050220260602202600000000000000000000000000000000000000000000000000000000000000000000000000000000       
10400015         00001000000000000000000000000000000000000000000000000000000000000000000000000000000000000000000000                                                                                                                             
10499999         000001000012                                                                                                                                                                                                                   
