10400000         2829265510001450000000000000000000001070749108500000000MUNICIPIO DE BRACO DO NORTE   C ECON FEDERAL                          70502202608510300000204000000                    RET ONLINE-PRODUCAO               000            
10400011T0100030 20829265510001450000000000000000000001070749108500000000MUNICIPIO DE BRACO DO NORTE                                                                                   00000002050220260000000000                          00   
1040001300001T 460000004910850000000   14999000002923266312923266        060320260000000001738867560000002923266                  092059598984000105EM ADMINISTRADORA LTDA                            000000000000000040301                     
1040001300002U 46000000000000000000000000000000000000000000000000000000000000000000000173886000000000173886000000000000000000000000000000050220260602202600000000000000000000000000000000000000000000000000000000000000000000000000000000       
10400015         00000400000000000000000000000000000000000000000000000000000000000000000000000000000000000000000000                                                                                                                             
10499999         000001000006                                                                                                                                                                                                                   
