10400000         2829265510001450000000000000000000001070749108500000000MUNICIPIO DE BRACO DO NORTE   C ECON FEDERAL                          70502202612205200001504000000                    RET ONLINE-PRODUCAO               000            
10400011T0100030 20829265510001450000000000000000000001070749108500000000MUNICIPIO DE BRACO DO NORTE                                                                                   00000015050220260000000000                          00   
1040001300001T 460000004910850000000   14999000002914620112914620        060320260000000000138647560000002914620                  092021942361000127NEI LANCHES LTDA                                  000000000000000040301                     
1040001300002U 46000000000000000000000000000000000000000000000000000000000000000000000013864000000000013864000000000000000000000000000000050220260602202600000000000000000000000000000000000000000000000000000000000000000000000000000000       
1040001300003T 460000004910850000000   14999000002923683912923683        060320260000000002162187560000002923683                  092013267050000181MARCIO ORACIO SOUZA                               000000000000000040301                     
1040001300004U 46000000000000000000000000000000000000000000000000000000000000000000000216218000000000216218000000000000000000000000000000050220260602202600000000000000000000000000000000000000000000000000000000000000000000000000000000       
10400015         00000600000000000000000000000000000000000000000000000000000000000000000000000000000000000000000000                                                                                                                             
10499999         000001000008                                                                                                                                                                                                                   
