10400000         2829265510001450000000000000000000001070749108500000000MUNICIPIO DE BRACO DO NORTE   C ECON FEDERAL                          70502202612362400001604000000                    RET ONLINE-PRODUCAO               000            
10400011T0100030 20829265510001450000000000000000000001070749108500000000MUNICIPIO DE BRACO DO NORTE                                                                                   00000016050220260000000000                          00   
1040001300001T 460000004910850000000   14999000002934195012934195        050220260000000000202691040385002934195                  091000061424200997JUCELI DO NASCIMENTO CARVALHO                     000000000000000060301                     
1040001300002U 46000000000000000000000000004741000000000000000000000000000000000000000015528000000000015528000000000000000000000000000000050220260602202600000000000000000000000000000000000000000000000000000000000000000000000000000000       
10400015         00000400000000000000000000000000000000000000000000000000000000000000000000000000000000000000000000                                                                                                                             
10499999         000001000006                                                                                                                                                                                                                   
