10400000         2829265510001450000000000000000000001070749108500000000MUNICIPIO DE BRACO DO NORTE   C ECON FEDERAL                          70502202609504900000604000000                    RET ONLINE-PRODUCAO               000            
10400011T0100030 20829265510001450000000000000000000001070749108500000000MUNICIPIO DE BRACO DO NORTE                                                                                   00000006050220260000000000                          00   
1040001300001T 460000004910850000000   14999000002894167912894167        050220260000000000310997560000002894167                  091000007787738928FERNANDO BORGEVER                                 000000000000000040301                     
1040001300002U 46000000000000000000000000000000000000000000000000000000000000000000000031099000000000031099000000000000000000000000000000050220260602202600000000000000000000000000000000000000000000000000000000000000000000000000000000       
1040001300003T 460000004910850000000   14999000002911634512911634        050220260000000000181427560000002911634                  092054714923000134VOLUNTAS ENGENHARIA E MEIO AMBIENTE LTDA          000000000000000040301                     
1040001300004U 46000000000000000000000000003800000000000000000000000000000000000000000014342000000000014342000000000000000000000000000000050220260602202600000000000000000000000000000000000000000000000000000000000000000000000000000000       
1040001300005T 460000004910850000000   14999000002911881012911881        010320260000000004392801040107002911881                  091000050623451972JOELCIO GAIDZINSKI                                000000000000000620300                     
1040001300006U 46000000000000000000000000000000000000000000000000000000000000000000000439280000000000439280000000000000000000000000000000050220260502202600000000000000000000000000000000000000000000000000000000000000000000000000000000       
10400015         00000800000000000000000000000000000000000000000000000000000000000000000000000000000000000000000000                                                                                                                             
10499999         000001000010                                                                                                                                                                                                                   
