10400000         2829265510001450000000000000000000001070749108500000000MUNICIPIO DE BRACO DO NORTE   C ECON FEDERAL                          70502202617363000003104000000                    RET ONLINE-PRODUCAO               000            
10400011T0100030 20829265510001450000000000000000000001070749108500000000MUNICIPIO DE BRACO DO NORTE                                                                                   00000031050220260000000000                          00   
1040001300001T 460000004910850000000   14999000002922983212922983        120220260000000000228501040107002922983                  091000030006120920HONORATO SOMBRIO PEREIRA                          000000000000000020101                     
1040001300002U 46000000000000000000000000000000000000000000000000000000000000000000000022850000000000022850000000000000000000000000000000050220260602202600000000000000000000000000000000000000000000000000000000000000000000000000000000       
10400015         00000400000000000000000000000000000000000000000000000000000000000000000000000000000000000000000000                                                                                                                             
10499999         000001000006                                                                                                                                                                                                                   
