10400000         2829265510001450000000000000000000001070749108500000000MUNICIPIO DE BRACO DO NORTE   C ECON FEDERAL                          70502202611504400001304000000                    RET ONLINE-PRODUCAO               000            
10400011T0100030 20829265510001450000000000000000000001070749108500000000MUNICIPIO DE BRACO DO NORTE                                                                                   00000013050220260000000000                          00   
1040001300001T 460000004910850000000   14999000002922137812922137        060320260000000001120255090000002922137                  092022059829000100GUSTAVO DA SILVA ME                               000000000000000040301                     
1040001300002U 46000000000000000000000000000000000000000000000000000000000000000000000112025000000000112025000000000000000000000000000000050220260602202600000000000000000000000000000000000000000000000000000000000000000000000000000000       
10400015         00000400000000000000000000000000000000000000000000000000000000000000000000000000000000000000000000                                                                                                                             
10499999         000001000006                                                                                                                                                                                                                   
