10400000         2829265510001450000000000000000000001070749108500000000MUNICIPIO DE BRACO DO NORTE   C ECON FEDERAL                          70502202613505800002004000000                    RET ONLINE-PRODUCAO               000            
10400011T0100030 20829265510001450000000000000000000001070749108500000000MUNICIPIO DE BRACO DO NORTE                                                                                   00000020050220260000000000                          00   
1040001300001T 460000004910850000000   14999000002894192012894192        100220260000000000506891040107002894192                  092004533593000102LADIO OENNING                                     000000000000000020101                     
1040001300002U 46000000000000000000000000012086000000000000000000000000000000000000000038603000000000038603000000000000000000000000000000050220260602202600000000000000000000000000000000000000000000000000000000000000000000000000000000       
1040001300003T 460000004910850000000   14999000002934620012934620        050220260000000000123151040107002934620                  091000094692130920OLINDA SOETHE WEBER                               000000000000000620300                     
1040001300004U 46000000000000000000000000001607000000000000000000000000000000000000000010708000000000010708000000000000000000000000000000050220260502202600000000000000000000000000000000000000000000000000000000000000000000000000000000       
1040001300005T 460000004910850000000   14999000002934621912934621        050220260000000000123511040107002934621                  091000094692130920OLINDA SOETHE WEBER                               000000000000000620300                     
1040001300006U 46000000000000000000000000001607000000000000000000000000000000000000000010744000000000010744000000000000000000000000000000050220260502202600000000000000000000000000000000000000000000000000000000000000000000000000000000       
1040001300007T 460000004910850000000   14999000002934622712934622        050220260000000000122721040107002934622                  091000094692130920OLINDA SOETHE WEBER                               000000000000000620300                     
1040001300008U 46000000000000000000000000001607000000000000000000000000000000000000000010665000000000010665000000000000000000000000000000050220260502202600000000000000000000000000000000000000000000000000000000000000000000000000000000       
10400015         00001000000000000000000000000000000000000000000000000000000000000000000000000000000000000000000000                                                                                                                             
10499999         000001000012                                                                                                                                                                                                                   
