10400000         2829265510001450000000000000000000001070749108500000000MUNICIPIO DE BRACO DO NORTE   C ECON FEDERAL                          70502202607505800000104000000                    RET ONLINE-PRODUCAO               000            
10400011T0100030 20829265510001450000000000000000000001070749108500000000MUNICIPIO DE BRACO DO NORTE                                                                                   00000001050220260000000000                          00   
1040001300001T 460000004910850000000   14999000002906269512906269        050220260000000000442561040107002906269                  091000003466810906VALDIRENE DA CRUZ SILVA                           000000000000000620300                     
1040001300002U 46000000000000000000000000013635000000000000000000000000000000000000000030621000000000030621000000000000000000000000000000050220260502202600000000000000000000000000000000000000000000000000000000000000000000000000000000       
10400015         00000400000000000000000000000000000000000000000000000000000000000000000000000000000000000000000000                                                                                                                             
10499999         000001000006                                                                                                                                                                                                                   
