10400000         2829265510001450000000000000000000001070749108500000000MUNICIPIO DE BRACO DO NORTE   C ECON FEDERAL                          71202202607514700000104000000                    RET ONLINE-PRODUCAO               000            
10400011T0100030 20829265510001450000000000000000000001070749108500000000MUNICIPIO DE BRACO DO NORTE                                                                                   00000001120220260000000000                          00   
1040001300001T 460000004910850000000   14999000002928475212928475        060320260000000002269587480000002928475                  092010665555000106ZANATTA COMERCIO DE PNEUS LTDA                    000000000000000040301                     
1040001300002U 46000000000000000000000000000000000000000000000000000000000000000000000226958000000000226958000000000000000000000000000000120220261302202600000000000000000000000000000000000000000000000000000000000000000000000000000000       
10400015         00000400000000000000000000000000000000000000000000000000000000000000000000000000000000000000000000                                                                                                                             
10499999         000001000006                                                                                                                                                                                                                   
