10400000         2829265510001450000000000000000000001070749108500000000MUNICIPIO DE BRACO DO NORTE   C ECON FEDERAL                          71202202617511400002504000000                    RET ONLINE-PRODUCAO               000            
10400011T0100030 20829265510001450000000000000000000001070749108500000000MUNICIPIO DE BRACO DO NORTE                                                                                   00000025120220260000000000                          00   
1040001300001T 460000004910850000000   14999000002938508712938508        080620260000000000934711040107002938508                  091000090741129949CELIRIA SCHMOELLER                                000000000000000020101                     
1040001300002U 46000000000000000000000000018156000000000000000000000000000000000000000075315000000000075315000000000000000000000000000000120220261302202600000000000000000000000000000000000000000000000000000000000000000000000000000000       
10400015         00000400000000000000000000000000000000000000000000000000000000000000000000000000000000000000000000                                                                                                                             
10499999         000001000006                                                                                                                                                                                                                   
