10400000         2829265510001450000000000000000000001070749108500000000MUNICIPIO DE BRACO DO NORTE   C ECON FEDERAL                          71202202610064900000704000000                    RET ONLINE-PRODUCAO               000            
10400011T0100030 20829265510001450000000000000000000001070749108500000000MUNICIPIO DE BRACO DO NORTE                                                                                   00000007120220260000000000                          00   
1040001300001T 460000004910850000000   14999000002905552412905552        020320260000000000169910770000002905552                  091000006589166960KARINI GRACIA DA SILVA                            000000000000000040301                     
1040001300002U 46000000000000000000000000004172000000000000000000000000000000000000000012819000000000012819000000000000000000000000000000120220261302202600000000000000000000000000000000000000000000000000000000000000000000000000000000       
1040001300003T 460000004910850000000   14999000002929486312929486        160220260000000000659210010000002929486                  092040788826000181VISNORTE VISTORIA VEICULAR LTDA                   000000000000000040301                     
1040001300004U 46000000000000000000000000000000000000000000000000000000000000000000000065921000000000065921000000000000000000000000000000120220261302202600000000000000000000000000000000000000000000000000000000000000000000000000000000       
10400015         00000600000000000000000000000000000000000000000000000000000000000000000000000000000000000000000000                                                                                                                             
10499999         000001000008                                                                                                                                                                                                                   
