10400000         2829265510001450000000000000000000001070749108500000000MUNICIPIO DE BRACO DO NORTE   C ECON FEDERAL                          71202202612513500001304000000                    RET ONLINE-PRODUCAO               000            
10400011T0100030 20829265510001450000000000000000000001070749108500000000MUNICIPIO DE BRACO DO NORTE                                                                                   00000013120220260000000000                          00   
1040001300001T 460000004910850000000   14999000002895392812895392        120220260000000000559002370000002895392                  091000079617964953CLEBER LUCIANO PEREIRA                            000000000000000040301                     
1040001300002U 46000000000000000000000000015344000000000000000000000000000000000000000040556000000000040556000000000000000000000000000000120220261302202600000000000000000000000000000000000000000000000000000000000000000000000000000000       
1040001300003T 460000004910850000000   14999000002919718312919718        050320260000000000414271330000002919718                  091000006857662924LUIZ LOCH LOCKS                                   000000000000000040301                     
1040001300004U 46000000000000000000000000000000000000000000000000000000000000000000000041427000000000041427000000000000000000000000000000120220261302202600000000000000000000000000000000000000000000000000000000000000000000000000000000       
1040001300005T 460000004910850000000   14999000002925546912925546        080620260000000000375772600000002925546                  091000017599679987JOSE IRINEU DE SOUZA                              000000000000000040301                     
1040001300006U 46000000000000000000000000000000000000000000000000000000000000000000000037577000000000037577000000000000000000000000000000120220261302202600000000000000000000000000000000000000000000000000000000000000000000000000000000       
10400015         00000800000000000000000000000000000000000000000000000000000000000000000000000000000000000000000000                                                                                                                             
10499999         000001000010                                                                                                                                                                                                                   
