10400000         2829265510001450000000000000000000001070749108500000000MUNICIPIO DE BRACO DO NORTE   C ECON FEDERAL                          71202202612081400001104000000                    RET ONLINE-PRODUCAO               000            
10400011T0100030 20829265510001450000000000000000000001070749108500000000MUNICIPIO DE BRACO DO NORTE                                                                                   00000011120220260000000000                          00   
1040001300001T 460000004910850000000   14999000002923251512923251        060320260000000001197940010000002923251                  092040245152000179H2PLAST INDUSTRIA E COMERCIO DE PLASTICO          000000000000000040301                     
1040001300002U 46000000000000000000000000000000000000000000000000000000000000000000000119794000000000119794000000000000000000000000000000120220261302202600000000000000000000000000000000000000000000000000000000000000000000000000000000       
1040001300003T 460000004910850000000   14999000002937084512937084        120220260000000000423052370000002937084                  092061744510000168EDIFICIO COMERCIAL E RESIDENCIAL GIRASSO          000000000000000040301                     
1040001300004U 46000000000000000000000000000000000000000000000000000000000000000000000042305000000000042305000000000000000000000000000000120220261302202600000000000000000000000000000000000000000000000000000000000000000000000000000000       
10400015         00000600000000000000000000000000000000000000000000000000000000000000000000000000000000000000000000                                                                                                                             
10499999         000001000008                                                                                                                                                                                                                   
