10400000         2829265510001450000000000000000000001070749108500000000MUNICIPIO DE BRACO DO NORTE   C ECON FEDERAL                          71202202615505900002104000000                    RET ONLINE-PRODUCAO               000            
10400011T0100030 20829265510001450000000000000000000001070749108500000000MUNICIPIO DE BRACO DO NORTE                                                                                   00000021120220260000000000                          00   
1040001300001T 460000004910850000000   14999000002891148612891148        120220260000000000224827560000002891148                  092017211866000144LOGPRO SERVICOS ADMINISTRATIVOS PARA TER          000000000000000040301                     
1040001300002U 46000000000000000000000000000000000000000000000000000000000000000000000022482000000000022482000000000000000000000000000000120220261302202600000000000000000000000000000000000000000000000000000000000000000000000000000000       
1040001300003T 460000004910850000000   14999000002928513912928513        120220260000000000294667560000002928513                  092017211866000144LOGPRO SERVICOS ADMINISTRATIVOS PARA TER          000000000000000040301                     
1040001300004U 46000000000000000000000000000000000000000000000000000000000000000000000029466000000000029466000000000000000000000000000000120220261302202600000000000000000000000000000000000000000000000000000000000000000000000000000000       
1040001300005T 460000004910850000000   14999000002928514712928514        120220260000000000224057560000002928514                  092017211866000144LOGPRO SERVICOS ADMINISTRATIVOS PARA TER          000000000000000040301                     
1040001300006U 46000000000000000000000000000000000000000000000000000000000000000000000022405000000000022405000000000000000000000000000000120220261302202600000000000000000000000000000000000000000000000000000000000000000000000000000000       
1040001300007T 460000004910850000000   14999000002937482412937482        120220260000000000151531040107002937482                  091000003571277902SILVIA PHILIPPI                                   000000000000000020101                     
1040001300008U 46000000000000000000000000003505000000000000000000000000000000000000000011648000000000011648000000000000000000000000000000120220261302202600000000000000000000000000000000000000000000000000000000000000000000000000000000       
1040001300009T 460000004910850000000   14999000002937483212937483        200220260000000000150721040107002937483                  091000003571277902SILVIA PHILIPPI                                   000000000000000020101                     
1040001300010U 46000000000000000000000000003505000000000000000000000000000000000000000011567000000000011567000000000000000000000000000000120220261302202600000000000000000000000000000000000000000000000000000000000000000000000000000000       
10400015         00001200000000000000000000000000000000000000000000000000000000000000000000000000000000000000000000                                                                                                                             
10499999         000001000014                                                                                                                                                                                                                   
