10400000         2829265510001450000000000000000000001070749108500000000MUNICIPIO DE BRACO DO NORTE   C ECON FEDERAL                          71202202609062400000304000000                    RET ONLINE-PRODUCAO               000            
10400011T0100030 20829265510001450000000000000000000001070749108500000000MUNICIPIO DE BRACO DO NORTE                                                                                   00000003120220260000000000                          00   
1040001300001T 460000004910850000000   14999000002903567112903567        170220260000000000150250010000002903567                  091000002139193970CLAUDEMAR HEMKEMEIER                              000000000000000040301                     
1040001300002U 46000000000000000000000000000000000000000000000000000000000000000000000015025000000000015025000000000000000000000000000000120220261302202600000000000000000000000000000000000000000000000000000000000000000000000000000000       
1040001300003T 460000004910850000000   14999000002903575212903575        170220260000000000334390010000002903575                  091000000773653996SILVESTRE SEZINO DE GODOY                         000000000000000040301                     
1040001300004U 46000000000000000000000000000000000000000000000000000000000000000000000033439000000000033439000000000000000000000000000000120220261302202600000000000000000000000000000000000000000000000000000000000000000000000000000000       
10400015         00000600000000000000000000000000000000000000000000000000000000000000000000000000000000000000000000                                                                                                                             
10499999         000001000008                                                                                                                                                                                                                   
