10400000         2829265510001450000000000000000000001070749108500000000MUNICIPIO DE BRACO DO NORTE   C ECON FEDERAL                          71202202618371500002604000000                    RET ONLINE-PRODUCAO               000            
10400011T0100030 20829265510001450000000000000000000001070749108500000000MUNICIPIO DE BRACO DO NORTE                                                                                   00000026120220260000000000                          00   
1040001300001T 460000004910850000000   14999000002924517012924517        020320260000000000117233410000002924517                  09208014517000010180.145.170 ALOISIO CRESCENCIO HEIDEMANN           000000000000000040301                     
1040001300002U 46000000000000000000000000000000000000000000000000000000000000000000000011723000000000011723000000000000000000000000000000120220261302202600000000000000000000000000000000000000000000000000000000000000000000000000000000       
1040001300003T 460000004910850000000   14999000002938517612938517        120220260000000001024741040107002938517                  092010709719000150SIMIANO REPRESENTACOES COMERCIAIS LTDA            000000000000000620300                     
1040001300004U 46000000000000000000000000026692000000000000000000000000000000000000000075782000000000075782000000000000000000000000000000120220261202202600000000000000000000000000000000000000000000000000000000000000000000000000000000       
10400015         00000600000000000000000000000000000000000000000000000000000000000000000000000000000000000000000000                                                                                                                             
10499999         000001000008                                                                                                                                                                                                                   
