10400000         2829265510001450000000000000000000001070749108500000000MUNICIPIO DE BRACO DO NORTE   C ECON FEDERAL                          71202202611061800000904000000                    RET ONLINE-PRODUCAO               000            
10400011T0100030 20829265510001450000000000000000000001070749108500000000MUNICIPIO DE BRACO DO NORTE                                                                                   00000009120220260000000000                          00   
1040001300001T 460000004910850000000   14999000002897564612897564        230220260000000000195851040107002897564                  091000004148378947MARGARETE MACHADO CAMILO                          000000000000000020101                     
1040001300002U 46000000000000000000000000005038000000000000000000000000000000000000000014547000000000014547000000000000000000000000000000120220261302202600000000000000000000000000000000000000000000000000000000000000000000000000000000       
1040001300003T 460000004910850000000   14999000002928480912928480        080620260000000000407640010000002928480                  092009431070000179SONEGO CONSTRUCOES LTDA                           000000000000000040301                     
1040001300004U 46000000000000000000000000000000000000000000000000000000000000000000000040764000000000040764000000000000000000000000000000120220261302202600000000000000000000000000000000000000000000000000000000000000000000000000000000       
1040001300005T 460000004910850000000   14999000002928481712928481        080620260000000000011990010000002928481                  092009431070000179SONEGO CONSTRUCOES LTDA                           000000000000000040301                     
1040001300006U 46000000000000000000000000000000000000000000000000000000000000000000000001199000000000001199000000000000000000000000000000120220261302202600000000000000000000000000000000000000000000000000000000000000000000000000000000       
10400015         00000800000000000000000000000000000000000000000000000000000000000000000000000000000000000000000000                                                                                                                             
10499999         000001000010                                                                                                                                                                                                                   
