10400000         2829265510001450000000000000000000001070749108500000000MUNICIPIO DE BRACO DO NORTE   C ECON FEDERAL                          71202202609511800000604000000                    RET ONLINE-PRODUCAO               000            
10400011T0100030 20829265510001450000000000000000000001070749108500000000MUNICIPIO DE BRACO DO NORTE                                                                                   00000006120220260000000000                          00   
1040001300001T 460000004910850000000   14999000002913589712913589        120220260000000000462397560000002913589                  091000002341990916GEOVANE MARTINS FERREIRA                          000000000000000040301                     
1040001300002U 46000000000000000000000000019865000000000000000000000000000000000000000026374000000000026374000000000000000000000000000000120220261302202600000000000000000000000000000000000000000000000000000000000000000000000000000000       
1040001300003T 460000004910850000000   14999000002923005912923005        120220260000000000205277560000002923005                  091000046089918920MOACIR CEOLIN                                     000000000000000040301                     
1040001300004U 46000000000000000000000000000000000000000000000000000000000000000000000020527000000000020527000000000000000000000000000000120220261302202600000000000000000000000000000000000000000000000000000000000000000000000000000000       
10400015         00000600000000000000000000000000000000000000000000000000000000000000000000000000000000000000000000                                                                                                                             
10499999         000001000008                                                                                                                                                                                                                   
