10400000         2829265510001450000000000000000000001070749108500000000MUNICIPIO DE BRACO DO NORTE   C ECON FEDERAL                          71202202609365600000504000000                    RET ONLINE-PRODUCAO               000            
10400011T0100030 20829265510001450000000000000000000001070749108500000000MUNICIPIO DE BRACO DO NORTE                                                                                   00000005120220260000000000                          00   
1040001300001T 460000004910850000000   14999000002922766012922766        060320260000000000138662600000002922766                  092047867621000130LAIS DACOREGGIO V. LTDA                           000000000000000040301                     
1040001300002U 46000000000000000000000000000000000000000000000000000000000000000000000013866000000000013866000000000000000000000000000000120220261302202600000000000000000000000000000000000000000000000000000000000000000000000000000000       
1040001300003T 460000004910850000000   14999000002925536112925536        080620260000000000096931040107002925536                  091000008214812909DAIANI JOCHEN FREITAS                             000000000000000020101                     
1040001300004U 46000000000000000000000000000000000000000000000000000000000000000000000009693000000000009693000000000000000000000000000000120220261302202600000000000000000000000000000000000000000000000000000000000000000000000000000000       
10400015         00000600000000000000000000000000000000000000000000000000000000000000000000000000000000000000000000                                                                                                                             
10499999         000001000008                                                                                                                                                                                                                   
