10400000         2829265510001450000000000000000000001070749108500000000MUNICIPIO DE BRACO DO NORTE   C ECON FEDERAL                          71202202613074300001404000000                    RET ONLINE-PRODUCAO               000            
10400011T0100030 20829265510001450000000000000000000001070749108500000000MUNICIPIO DE BRACO DO NORTE                                                                                   00000014120220260000000000                          00   
1040001300001T 460000004910850000000   14999000002934199312934199        240220260000000001977167560000002934199                  091000025210645991ERVIZO MATTEI ASCARI                              000000000000000040301                     
1040001300002U 46000000000000000000000000077226000000000000000000000000000000000000000120490000000000120490000000000000000000000000000000120220261302202600000000000000000000000000000000000000000000000000000000000000000000000000000000       
10400015         00000400000000000000000000000000000000000000000000000000000000000000000000000000000000000000000000                                                                                                                             
10499999         000001000006                                                                                                                                                                                                                   
