10400000         2829265510001450000000000000000000001070749108500000000MUNICIPIO DE BRACO DO NORTE   C ECON FEDERAL                          71202202618505000002704000000                    RET ONLINE-PRODUCAO               000            
10400011T0100030 20829265510001450000000000000000000001070749108500000000MUNICIPIO DE BRACO DO NORTE                                                                                   00000027120220260000000000                          00   
1040001300001T 460000004910850000000   14999000002928864212928864        220420260000000006517230010107002928864                  091000011508002916DOUGLAS LAGO VOLPATO                              000000000000000620300                     
1040001300002U 46000000000000000000000000000000000000000000000000000000000000000000000651723000000000651723000000000000000000000000000000120220261202202600000000000000000000000000000000000000000000000000000000000000000000000000000000       
10400015         00000400000000000000000000000000000000000000000000000000000000000000000000000000000000000000000000                                                                                                                             
10499999         000001000006                                                                                                                                                                                                                   
