10400000         2829265510001450000000000000000000001070749108500000000MUNICIPIO DE BRACO DO NORTE   C ECON FEDERAL                          71202202616373500002404000000                    RET ONLINE-PRODUCAO               000            
10400011T0100030 20829265510001450000000000000000000001070749108500000000MUNICIPIO DE BRACO DO NORTE                                                                                   00000024120220260000000000                          00   
1040001300001T 460000004910850000000   14999000002937481612937481        110320260000000000120721040107002937481                  091000001732912955JANIR MARCOS MEDEIROS                             000000000000000620300                     
1040001300002U 46000000000000000000000000000000000000000000000000000000000000000000000012072000000000012072000000000000000000000000000000120220261202202600000000000000000000000000000000000000000000000000000000000000000000000000000000       
10400015         00000400000000000000000000000000000000000000000000000000000000000000000000000000000000000000000000                                                                                                                             
10499999         000001000006                                                                                                                                                                                                                   
