10400000         2829265510001450000000000000000000001070749108500000000MUNICIPIO DE BRACO DO NORTE   C ECON FEDERAL                          71202202608212200000204000000                    RET ONLINE-PRODUCAO               000            
10400011T0100030 20829265510001450000000000000000000001070749108500000000MUNICIPIO DE BRACO DO NORTE                                                                                   00000002120220260000000000                          00   
1040001300001T 460000004910850000000   14999000002895386312895386        120220260000000003812101040107002895386                  091000007190636986KAIAN DA SILVA MARCIANO                           000000000000000620300                     
1040001300002U 46000000000000000000000000167700000000000000000000000000000000000000000213510000000000213510000000000000000000000000000000120220261202202600000000000000000000000000000000000000000000000000000000000000000000000000000000       
10400015         00000400000000000000000000000000000000000000000000000000000000000000000000000000000000000000000000                                                                                                                             
10499999         000001000006                                                                                                                                                                                                                   
