10400000         2829265510001450000000000000000000001070749108500000000MUNICIPIO DE BRACO DO NORTE   C ECON FEDERAL                          71202202614212400001704000000                    RET ONLINE-PRODUCAO               000            
10400011T0100030 20829265510001450000000000000000000001070749108500000000MUNICIPIO DE BRACO DO NORTE                                                                                   00000017120220260000000000                          00   
1040001300001T 460000004910850000000   14999000002903451912903451        160220260000000000814160770000002903451                  091000000374143994FERNANDO DE SOUZA BATISTA                         000000000000000040301                     
1040001300002U 46000000000000000000000000000000000000000000000000000000000000000000000081416000000000081416000000000000000000000000000000120220261302202600000000000000000000000000000000000000000000000000000000000000000000000000000000       
1040001300003T 460000004910850000000   14999000002937663012937663        060320260000000001791557560000002937663                  092031422954000116FABIO ZAPELINI REPRESENTACOES                     000000000000000040301                     
1040001300004U 46000000000000000000000000035831000000000000000000000000000000000000000143324000000000143324000000000000000000000000000000120220261302202600000000000000000000000000000000000000000000000000000000000000000000000000000000       
10400015         00000600000000000000000000000000000000000000000000000000000000000000000000000000000000000000000000                                                                                                                             
10499999         000001000008                                                                                                                                                                                                                   
