10400000         2829265510001450000000000000000000001070749108500000000MUNICIPIO DE BRACO DO NORTE   C ECON FEDERAL                          71302202615212700001804000000                    RET ONLINE-PRODUCAO               000            
10400011T0100030 20829265510001450000000000000000000001070749108500000000MUNICIPIO DE BRACO DO NORTE                                                                                   00000018130220260000000000                          00   
1040001300001T 460000004910850000000   14999000002929147312929147        080620260000000000338497560000002929147                  091000006916063904PATILA VANDRESEN DE SOUZA                         000000000000000040301                     
1040001300002U 46000000000000000000000000000000000000000000000000000000000000000000000033849000000000033849000000000000000000000000000000130220261802202600000000000000000000000000000000000000000000000000000000000000000000000000000000       
1040001300003T 460000004910850000000   14999000002929150312929150        080620260000000000812617560000002929150                  091000041713605953SEBASTIAO MOTTA DE SOUZA                          000000000000000040301                     
1040001300004U 46000000000000000000000000000000000000000000000000000000000000000000000081261000000000081261000000000000000000000000000000130220261802202600000000000000000000000000000000000000000000000000000000000000000000000000000000       
10400015         00000600000000000000000000000000000000000000000000000000000000000000000000000000000000000000000000                                                                                                                             
10499999         000001000008                                                                                                                                                                                                                   
