10400000         2829265510001450000000000000000000001070749108500000000MUNICIPIO DE BRACO DO NORTE   C ECON FEDERAL                          71302202611513500000904000000                    RET ONLINE-PRODUCAO               000            
10400011T0100030 20829265510001450000000000000000000001070749108500000000MUNICIPIO DE BRACO DO NORTE                                                                                   00000009130220260000000000                          00   
1040001300001T 460000004910850000000   14999000002923290612923290        150320260000000000271050010000002923290                  091000056442866904OSMAR DUTRA                                       000000000000000040201                     
1040001300002U 46000000000000000000000000000000000000000000000000000000000000000000000027105000000000027105000000000000000000000000000000130220261802202600000000000000000000000000000000000000000000000000000000000000000000000000000000       
1040001300003T 460000004910850000000   14999000002923816512923816        020320260000000000117237560000002923816                  092004585052000128RICKEN   RICKEN LTDA                              000000000000000040301                     
1040001300004U 46000000000000000000000000000000000000000000000000000000000000000000000011723000000000011723000000000000000000000000000000130220261802202600000000000000000000000000000000000000000000000000000000000000000000000000000000       
10400015         00000600000000000000000000000000000000000000000000000000000000000000000000000000000000000000000000                                                                                                                             
10499999         000001000008                                                                                                                                                                                                                   
