10400000         2829265510001450000000000000000000001070749108500000000MUNICIPIO DE BRACO DO NORTE   C ECON FEDERAL                          71302202617063100002504000000                    RET ONLINE-PRODUCAO               000            
10400011T0100030 20829265510001450000000000000000000001070749108500000000MUNICIPIO DE BRACO DO NORTE                                                                                   00000025130220260000000000                          00   
1040001300001T 460000004910850000000   14999000002783760612783760        140220260000000000175931040107002783760                  091000075812290920RENATO DA SILVA                                   000000000000000020101                     
1040001300002U 46000000000000000000000000000000000000000000000000000000000000000000000017593000000000017593000000000000000000000000000000130220261802202600000000000000000000000000000000000000000000000000000000000000000000000000000000       
1040001300003T 460000004910850000000   14999000002904237612904237        230220260000000000287460010000002904237                  092043878132000123SCHUEROFF ASSESSORIA VETERINARIA LTDA             000000000000000040301                     
1040001300004U 46000000000000000000000000000000000000000000000000000000000000000000000028746000000000028746000000000000000000000000000000130220261802202600000000000000000000000000000000000000000000000000000000000000000000000000000000       
10400015         00000600000000000000000000000000000000000000000000000000000000000000000000000000000000000000000000                                                                                                                             
10499999         000001000008                                                                                                                                                                                                                   
