10400000         2829265510001450000000000000000000001070749108500000000MUNICIPIO DE BRACO DO NORTE   C ECON FEDERAL                          71302202611212000000804000000                    RET ONLINE-PRODUCAO               000            
10400011T0100030 20829265510001450000000000000000000001070749108500000000MUNICIPIO DE BRACO DO NORTE                                                                                   00000008130220260000000000                          00   
1040001300001T 460000004910850000000   14999000002916064612916064        240220260000000000320590810000002916064                  09200879628500012008.796.285 MADILON PREVE DA SILVA                 000000000000000040301                     
1040001300002U 46000000000000000000000000007457000000000000000000000000000000000000000024602000000000024602000000000000000000000000000000130220261802202600000000000000000000000000000000000000000000000000000000000000000000000000000000       
1040001300003T 460000004910850000000   14999000002933474112933474        280220260000000001090701360000002933474                  091000083447296968CHARLES SIDNEI VIEIRA                             000000000000000040301                     
1040001300004U 46000000000000000000000000000000000000000000000000000000000000000000000109070000000000109070000000000000000000000000000000130220261802202600000000000000000000000000000000000000000000000000000000000000000000000000000000       
1040001300005T 460000004910850000000   14999000002938581812938581        130320260000000001162970010107002938581                  092018164290000174EDESIO DE SOUZA  ME                               000000000000000620300                     
1040001300006U 46000000000000000000000000034889000000000000000000000000000000000000000081408000000000081408000000000000000000000000000000130220261302202600000000000000000000000000000000000000000000000000000000000000000000000000000000       
10400015         00000800000000000000000000000000000000000000000000000000000000000000000000000000000000000000000000                                                                                                                             
10499999         000001000010                                                                                                                                                                                                                   
