10400000         2829265510001450000000000000000000001070749108500000000MUNICIPIO DE BRACO DO NORTE   C ECON FEDERAL                          71302202618510300003104000000                    RET ONLINE-PRODUCAO               000            
10400011T0100030 20829265510001450000000000000000000001070749108500000000MUNICIPIO DE BRACO DO NORTE                                                                                   00000031130220260000000000                          00   
1040001300001T 460000004910850000000   14999000002896757012896757        170220260000000000386217480000002896757                  091000005942599912JULIANO BUSS WIGGERS                              000000000000000040301                     
1040001300002U 46000000000000000000000000009415000000000000000000000000000000000000000029206000000000029206000000000000000000000000000000130220261802202600000000000000000000000000000000000000000000000000000000000000000000000000000000       
1040001300003T 460000004910850000000   14999000002907547912907547        160220260000000000251413410000002907547                  091000002768517909AMARILDO VITAL                                    000000000000000040301                     
1040001300004U 46000000000000000000000000006284000000000000000000000000000000000000000018857000000000018857000000000000000000000000000000130220261802202600000000000000000000000000000000000000000000000000000000000000000000000000000000       
10400015         00000600000000000000000000000000000000000000000000000000000000000000000000000000000000000000000000                                                                                                                             
10499999         000001000008                                                                                                                                                                                                                   
