10400000         2829265510001450000000000000000000001070749108500000000MUNICIPIO DE BRACO DO NORTE   C ECON FEDERAL                          71302202616071800002104000000                    RET ONLINE-PRODUCAO               000            
10400011T0100030 20829265510001450000000000000000000001070749108500000000MUNICIPIO DE BRACO DO NORTE                                                                                   00000021130220260000000000                          00   
1040001300001T 460000004910850000000   14999000002902419012902419        130220260000000000445720330000002902419                  091000060736810978EVANDRO OENNING                                   000000000000000040301                     
1040001300002U 46000000000000000000000000013608000000000000000000000000000000000000000030964000000000030964000000000000000000000000000000130220261802202600000000000000000000000000000000000000000000000000000000000000000000000000000000       
1040001300003T 460000004910850000000   14999000002923681212923681        060320260000000000942001360000002923681                  092024170625000160CENTRO CATARINENSE DE OTORRINOLARINGOLOG          000000000000000040301                     
1040001300004U 46000000000000000000000000000000000000000000000000000000000000000000000094200000000000094200000000000000000000000000000000130220261802202600000000000000000000000000000000000000000000000000000000000000000000000000000000       
1040001300005T 460000004910850000000   14999000002923682012923682        060320260000000001314741360000002923682                  092024170625000160CENTRO CATARINENSE DE OTORRINOLARINGOLOG          000000000000000040301                     
1040001300006U 46000000000000000000000000000000000000000000000000000000000000000000000131474000000000131474000000000000000000000000000000130220261802202600000000000000000000000000000000000000000000000000000000000000000000000000000000       
10400015         00000800000000000000000000000000000000000000000000000000000000000000000000000000000000000000000000                                                                                                                             
10499999         000001000010                                                                                                                                                                                                                   
