10400000         2829265510001450000000000000000000001070749108500000000MUNICIPIO DE BRACO DO NORTE   C ECON FEDERAL                          71302202614074600001504000000                    RET ONLINE-PRODUCAO               000            
10400011T0100030 20829265510001450000000000000000000001070749108500000000MUNICIPIO DE BRACO DO NORTE                                                                                   00000015130220260000000000                          00   
1040001300001T 460000004910850000000   14999000002938607512938607        130220260000000000274220010000002938607                  091000001895168953ANSELMO DELLA GIUSTINA                            000000000000000040301                     
1040001300002U 46000000000000000000000000009273000000000000000000000000000000000000000018149000000000018149000000000000000000000000000000130220261802202600000000000000000000000000000000000000000000000000000000000000000000000000000000       
10400015         00000400000000000000000000000000000000000000000000000000000000000000000000000000000000000000000000                                                                                                                             
10499999         000001000006                                                                                                                                                                                                                   
