10400000         2829265510001450000000000000000000001070749108500000000MUNICIPIO DE BRACO DO NORTE   C ECON FEDERAL                          71302202609365800000404000000                    RET ONLINE-PRODUCAO               000            
10400011T0100030 20829265510001450000000000000000000001070749108500000000MUNICIPIO DE BRACO DO NORTE                                                                                   00000004130220260000000000                          00   
1040001300001T 460000004910850000000   14999000002923085712923085        130220260000000000117232600000002923085                  092055632994000150KUHNEN STORE ACABAMENTOS PARA CONSTRUCAO          000000000000000040301                     
1040001300002U 46000000000000000000000000000000000000000000000000000000000000000000000011723000000000011723000000000000000000000000000000130220261802202600000000000000000000000000000000000000000000000000000000000000000000000000000000       
1040001300003T 460000004910850000000   14999000002928917712928917        130220260000000000118581040107002928917                  091000004808370905JACKSON FLORENCIO MARTINS                         000000000000000060301                     
1040001300004U 46000000000000000000000000000000000000000000000000000000000000000000000011858000000000011858000000000000000000000000000000130220261802202600000000000000000000000000000000000000000000000000000000000000000000000000000000       
10400015         00000600000000000000000000000000000000000000000000000000000000000000000000000000000000000000000000                                                                                                                             
10499999         000001000008                                                                                                                                                                                                                   
