10400000         2829265510001450000000000000000000001070749108500000000MUNICIPIO DE BRACO DO NORTE   C ECON FEDERAL                          71302202617213000002604000000                    RET ONLINE-PRODUCAO               000            
10400011T0100030 20829265510001450000000000000000000001070749108500000000MUNICIPIO DE BRACO DO NORTE                                                                                   00000026130220260000000000                          00   
1040001300001T 460000004910850000000   14999000002902393212902393        130220260000000001127701040107002902393                  091000007055528968JOSE MANOEL DA SILVA                              000000000000000020101                     
1040001300002U 46000000000000000000000000067285000000000000000000000000000000000000000045485000000000045485000000000000000000000000000000130220261802202600000000000000000000000000000000000000000000000000000000000000000000000000000000       
1040001300003T 460000004910850000000   14999000002929191012929191        130220260000000000167197560000002929191                  092035401998000110ALENCAR SCHLICKMANN 05047841960                   000000000000000040301                     
1040001300004U 46000000000000000000000000000000000000000000000000000000000000000000000016719000000000016719000000000000000000000000000000130220261802202600000000000000000000000000000000000000000000000000000000000000000000000000000000       
10400015         00000600000000000000000000000000000000000000000000000000000000000000000000000000000000000000000000                                                                                                                             
10499999         000001000008                                                                                                                                                                                                                   
