10400000         2829265510001450000000000000000000001070749108500000000MUNICIPIO DE BRACO DO NORTE   C ECON FEDERAL                          71302202616511600002404000000                    RET ONLINE-PRODUCAO               000            
10400011T0100030 20829265510001450000000000000000000001070749108500000000MUNICIPIO DE BRACO DO NORTE                                                                                   00000024130220260000000000                          00   
1040001300001T 460000004910850000000   14999000002895702812895702        160220260000000000380141040107002895702                  091000075782693991JOVANIO ALVES DA SILVA                            000000000000000020101                     
1040001300002U 46000000000000000000000000013809000000000000000000000000000000000000000024205000000000024205000000000000000000000000000000130220261802202600000000000000000000000000000000000000000000000000000000000000000000000000000000       
1040001300003T 460000004910850000000   14999000002903150112903150        160220260000000000641901040107002903150                  091000006916022981RODRIGO KUERTEN                                   000000000000000020101                     
1040001300004U 46000000000000000000000000000000000000000000000000000000000000000000000064190000000000064190000000000000000000000000000000130220261802202600000000000000000000000000000000000000000000000000000000000000000000000000000000       
1040001300005T 460000004910850000000   14999000002913825012913825        160220260000000000214120850000002913825                  092045283796000175CN AUTO LOCADORA LTDA                             000000000000000040301                     
1040001300006U 46000000000000000000000000005868000000000000000000000000000000000000000015544000000000015544000000000000000000000000000000130220261802202600000000000000000000000000000000000000000000000000000000000000000000000000000000       
10400015         00000800000000000000000000000000000000000000000000000000000000000000000000000000000000000000000000                                                                                                                             
10499999         000001000010                                                                                                                                                                                                                   
