10400000         2829265510001450000000000000000000001070749108500000000MUNICIPIO DE BRACO DO NORTE   C ECON FEDERAL                          71302202610523400000704000000                    RET ONLINE-PRODUCAO               000            
10400011T0100030 20829265510001450000000000000000000001070749108500000000MUNICIPIO DE BRACO DO NORTE                                                                                   00000007130220260000000000                          00   
1040001300001T 460000004910850000000   14999000002922599312922599        190220260000000004300477560000002922599                  091000009378511910MARCOS SCHURHOFF BITENCOURT                       000000000000000040301                     
1040001300002U 46000000000000000000000000000000000000000000000000000000000000000000000430047000000000430047000000000000000000000000000000130220261802202600000000000000000000000000000000000000000000000000000000000000000000000000000000       
10400015         00000400000000000000000000000000000000000000000000000000000000000000000000000000000000000000000000                                                                                                                             
10499999         000001000006                                                                                                                                                                                                                   
