10400000         2829265510001450000000000000000000001070749108500000000MUNICIPIO DE BRACO DO NORTE   C ECON FEDERAL                          71302202613515100001404000000                    RET ONLINE-PRODUCAO               000            
10400011T0100030 20829265510001450000000000000000000001070749108500000000MUNICIPIO DE BRACO DO NORTE                                                                                   00000014130220260000000000                          00   
1040001300001T 460000004910850000000   14999000002915391712915391        160220260000000004366131040041502915391                  091000087091143949JANE VIEIRA FRANCA                                000000000000000060301                     
1040001300002U 46000000000000000000000000275702000000000000000000000000000000000000000160911000000000160911000000000000000000000000000000130220261802202600000000000000000000000000000000000000000000000000000000000000000000000000000000       
1040001300003T 460000004910850000000   14999000002938584212938584        080620260000000000755811040107002938584                  091000041713974991SUELY NIEHUES                                     000000000000000020101                     
1040001300004U 46000000000000000000000000015487000000000000000000000000000000000000000060094000000000060094000000000000000000000000000000130220261802202600000000000000000000000000000000000000000000000000000000000000000000000000000000       
10400015         00000600000000000000000000000000000000000000000000000000000000000000000000000000000000000000000000                                                                                                                             
10499999         000001000008                                                                                                                                                                                                                   
