10400000         2829265510001450000000000000000000001070749108500000000MUNICIPIO DE BRACO DO NORTE   C ECON FEDERAL                          71302202618212200002904000000                    RET ONLINE-PRODUCAO               000            
10400011T0100030 20829265510001450000000000000000000001070749108500000000MUNICIPIO DE BRACO DO NORTE                                                                                   00000029130220260000000000                          00   
1040001300001T 460000004910850000000   14999000002929268212929268        130220260000000000176207560000002929268                  092036651991000110BRO URBANIZACAO LTDA                              000000000000000040301                     
1040001300002U 46000000000000000000000000000000000000000000000000000000000000000000000017620000000000017620000000000000000000000000000000130220261802202600000000000000000000000000000000000000000000000000000000000000000000000000000000       
10400015         00000400000000000000000000000000000000000000000000000000000000000000000000000000000000000000000000                                                                                                                             
10499999         000001000006                                                                                                                                                                                                                   
