10400000         2829265510001450000000000000000000001070749108500000000MUNICIPIO DE BRACO DO NORTE   C ECON FEDERAL                          71302202616215200002204000000                    RET ONLINE-PRODUCAO               000            
10400011T0100030 20829265510001450000000000000000000001070749108500000000MUNICIPIO DE BRACO DO NORTE                                                                                   00000022130220260000000000                          00   
1040001300001T 460000004910850000000   14999000002923521212923521        150220260000000002430800010107002923521                  092060735238000197LIRA INCORPORACAO LTDA                            000000000000000620300                     
1040001300002U 46000000000000000000000000000000000000000000000000000000000000000000000243080000000000243080000000000000000000000000000000130220261302202600000000000000000000000000000000000000000000000000000000000000000000000000000000       
1040001300003T 460000004910850000000   14999000002938605912938605        130320260000000001162972600000002938605                  092011063895000120EVANDRO FRANCISCO NUNES ME                        000000000000000040301                     
1040001300004U 46000000000000000000000000034889000000000000000000000000000000000000000081408000000000081408000000000000000000000000000000130220261802202600000000000000000000000000000000000000000000000000000000000000000000000000000000       
10400015         00000600000000000000000000000000000000000000000000000000000000000000000000000000000000000000000000                                                                                                                             
10499999         000001000008                                                                                                                                                                                                                   
