10400000         2829265510001450000000000000000000001070749108500000000MUNICIPIO DE BRACO DO NORTE   C ECON FEDERAL                          71302202607372500000104000000                    RET ONLINE-PRODUCAO               000            
10400011T0100030 20829265510001450000000000000000000001070749108500000000MUNICIPIO DE BRACO DO NORTE                                                                                   00000001130220260000000000                          00   
1040001300001T 460000004910850000000   14999000002916136712916136        240220260000000000374042600107002916136                  091000017945038972FRANCISCO LUIZ DA SILVA                           000000000000000620300                     
1040001300002U 46000000000000000000000000008747000000000000000000000000000000000000000028657000000000028657000000000000000000000000000000130220261302202600000000000000000000000000000000000000000000000000000000000000000000000000000000       
10400015         00000400000000000000000000000000000000000000000000000000000000000000000000000000000000000000000000                                                                                                                             
10499999         000001000006                                                                                                                                                                                                                   
