10400000         2829265510001450000000000000000000001070749108500000000MUNICIPIO DE BRACO DO NORTE   C ECON FEDERAL                          71302202615365800001904000000                    RET ONLINE-PRODUCAO               000            
10400011T0100030 20829265510001450000000000000000000001070749108500000000MUNICIPIO DE BRACO DO NORTE                                                                                   00000019130220260000000000                          00   
1040001300001T 460000004910850000000   14999000002938603212938603        130220260000000000686257560000002938603                  091000081087969972EVILASIO DA SILVA DELLA GIUSTINA                  000000000000000040301                     
1040001300002U 46000000000000000000000000029301000000000000000000000000000000000000000039324000000000039324000000000000000000000000000000130220261802202600000000000000000000000000000000000000000000000000000000000000000000000000000000       
1040001300003T 460000004910850000000   14999000002938834512938834        130220260000000001734132080000002938834                  091000000474901955LUCIO DE BRIDA                                    000000000000000040301                     
1040001300004U 46000000000000000000000000000000000000000000000000000000000000000000000173413000000000173413000000000000000000000000000000130220261802202600000000000000000000000000000000000000000000000000000000000000000000000000000000       
1040001300005T 460000004910850000000   14999000002938837012938837        130220260000000000475041040107002938837                  092003821023000155LUCIO DE BRIDA   CIA LTDA ME                      000000000000000060301                     
1040001300006U 46000000000000000000000000000000000000000000000000000000000000000000000047504000000000047504000000000000000000000000000000130220261802202600000000000000000000000000000000000000000000000000000000000000000000000000000000       
10400015         00000800000000000000000000000000000000000000000000000000000000000000000000000000000000000000000000                                                                                                                             
10499999         000001000010                                                                                                                                                                                                                   
