10400000         2829265510001450000000000000000000001070749108500000000MUNICIPIO DE BRACO DO NORTE   C ECON FEDERAL                          71302202620205500003304000000                    RET ONLINE-PRODUCAO               000            
10400011T0100030 20829265510001450000000000000000000001070749108500000000MUNICIPIO DE BRACO DO NORTE                                                                                   00000033130220260000000000                          00   
1040001300001T 460000004910850000000   14999000002929263112929263        130220260000000000749037480000002929263                  092008043677000119COMPRA CERTA COMERCIO DE VEICULOS E MOTO          000000000000000040301                     
1040001300002U 46000000000000000000000000000000000000000000000000000000000000000000000074903000000000074903000000000000000000000000000000130220261802202600000000000000000000000000000000000000000000000000000000000000000000000000000000       
1040001300003T 460000004910850000000   14999000002929264012929264        130220260000000000123377480000002929264                  092008043677000119COMPRA CERTA COMERCIO DE VEICULOS E MOTO          000000000000000040301                     
1040001300004U 46000000000000000000000000000000000000000000000000000000000000000000000012337000000000012337000000000000000000000000000000130220261802202600000000000000000000000000000000000000000000000000000000000000000000000000000000       
1040001300005T 460000004910850000000   14999000002929265812929265        130220260000000000109717480000002929265                  092008043677000119COMPRA CERTA COMERCIO DE VEICULOS E MOTO          000000000000000040301                     
1040001300006U 46000000000000000000000000000000000000000000000000000000000000000000000010971000000000010971000000000000000000000000000000130220261802202600000000000000000000000000000000000000000000000000000000000000000000000000000000       
10400015         00000800000000000000000000000000000000000000000000000000000000000000000000000000000000000000000000                                                                                                                             
10499999         000001000010                                                                                                                                                                                                                   
