10400000         2829265510001450000000000000000000001070749108500000000MUNICIPIO DE BRACO DO NORTE   C ECON FEDERAL                          71302202614213100001604000000                    RET ONLINE-PRODUCAO               000            
10400011T0100030 20829265510001450000000000000000000001070749108500000000MUNICIPIO DE BRACO DO NORTE                                                                                   00000016130220260000000000                          00   
1040001300001T 460000004910850000000   14999000002907930012907930        170220260000000000412411040107002907930                  091000037854046972VOLNEY CAMILO                                     000000000000000020101                     
1040001300002U 46000000000000000000000000011131000000000000000000000000000000000000000030110000000000030110000000000000000000000000000000130220261802202600000000000000000000000000000000000000000000000000000000000000000000000000000000       
1040001300003T 460000004910850000000   14999000002917769712917769        260220260000000000360857560000002917769                  091000051194759904TARCISIO NAZARIO SOETHE                           000000000000000040101                     
1040001300004U 46000000000000000000000000006018000000000000000000000000000000000000000030067000000000030067000000000000000000000000000000130220261802202600000000000000000000000000000000000000000000000000000000000000000000000000000000       
1040001300005T 460000004910850000000   14999000002934210812934210        060320260000000002600651040107002934210                  092000553604000165LOJA E BAZAR DA CELA LTDA                         000000000000000020101                     
1040001300006U 46000000000000000000000000052013000000000000000000000000000000000000000208052000000000208052000000000000000000000000000000130220261802202600000000000000000000000000000000000000000000000000000000000000000000000000000000       
10400015         00000800000000000000000000000000000000000000000000000000000000000000000000000000000000000000000000                                                                                                                             
10499999         000001000010                                                                                                                                                                                                                   
