10400000         2829265510001450000000000000000000001070749108500000000MUNICIPIO DE BRACO DO NORTE   C ECON FEDERAL                          71302202617520500002704000000                    RET ONLINE-PRODUCAO               000            
10400011T0100030 20829265510001450000000000000000000001070749108500000000MUNICIPIO DE BRACO DO NORTE                                                                                   00000027130220260000000000                          00   
1040001300001T 460000004910850000000   14999000002822761512822761        050320260000000000174747560000002822761                  092043482127000105EDUARDO MARTINS DE FREITAS LTDA                   000000000000000040301                     
1040001300002U 46000000000000000000000000000000000000000000000000000000000000000000000017474000000000017474000000000000000000000000000000130220261802202600000000000000000000000000000000000000000000000000000000000000000000000000000000       
1040001300003T 460000004910850000000   14999000002891306312891306        130220260000000000228742600000002891306                  091000006483979983CRISTIAN BROLEZ NASCIMENTO                        000000000000000040301                     
1040001300004U 46000000000000000000000000000000000000000000000000000000000000000000000022874000000000022874000000000000000000000000000000130220261802202600000000000000000000000000000000000000000000000000000000000000000000000000000000       
10400015         00000600000000000000000000000000000000000000000000000000000000000000000000000000000000000000000000                                                                                                                             
10499999         000001000008                                                                                                                                                                                                                   
