10400000         2829265510001450000000000000000000001070749108500000000MUNICIPIO DE BRACO DO NORTE   C ECON FEDERAL                          71302202614370300001704000000                    RET ONLINE-PRODUCAO               000            
10400011T0100030 20829265510001450000000000000000000001070749108500000000MUNICIPIO DE BRACO DO NORTE                                                                                   00000017130220260000000000                          00   
1040001300001T 460000004910850000000   14999000002907567312907567        160220260000000000277861040107002907567                  091000037532090906ESPOLIO AUGUSTA DA SILVA MARCILIO                 000000000000000020101                     
1040001300002U 46000000000000000000000000009398000000000000000000000000000000000000000018388000000000018388000000000000000000000000000000130220261802202600000000000000000000000000000000000000000000000000000000000000000000000000000000       
1040001300003T 460000004910850000000   14999000002914463212914463        190220260000000000650811040107002914463                  092012681413000168ROSINEIDE MARCILIO DA SILVA GORDO ME              000000000000000020101                     
1040001300004U 46000000000000000000000000037894000000000000000000000000000000000000000027187000000000027187000000000000000000000000000000130220261802202600000000000000000000000000000000000000000000000000000000000000000000000000000000       
10400015         00000600000000000000000000000000000000000000000000000000000000000000000000000000000000000000000000                                                                                                                             
10499999         000001000008                                                                                                                                                                                                                   
