10400000         2829265510001450000000000000000000001070749108500000000MUNICIPIO DE BRACO DO NORTE   C ECON FEDERAL                          71302202621364100003504000000                    RET ONLINE-PRODUCAO               000            
10400011T0100030 20829265510001450000000000000000000001070749108500000000MUNICIPIO DE BRACO DO NORTE                                                                                   00000035130220260000000000                          00   
1040001300001T 460000004910850000000   14999000002896226912896226        160220260000000001007482600107002896226                  091000055061729900ESPOLIO DE ZUNEIDE OLIVEIRA DA SILVA              000000000000000620300                     
1040001300002U 46000000000000000000000000039415000000000000000000000000000000000000000061333000000000061333000000000000000000000000000000130220261302202600000000000000000000000000000000000000000000000000000000000000000000000000000000       
10400015         00000400000000000000000000000000000000000000000000000000000000000000000000000000000000000000000000                                                                                                                             
10499999         000001000006                                                                                                                                                                                                                   
