10400000         2829265510001450000000000000000000001070749108500000000MUNICIPIO DE BRACO DO NORTE   C ECON FEDERAL                          71302202613372300001304000000                    RET ONLINE-PRODUCAO               000            
10400011T0100030 20829265510001450000000000000000000001070749108500000000MUNICIPIO DE BRACO DO NORTE                                                                                   00000013130220260000000000                          00   
1040001300001T 460000004910850000000   14999000002923794012923794        150220260000000000491051040107002923794                  091000006456455910TEREZA DE MENDONCA                                000000000000000020101                     
1040001300002U 46000000000000000000000000000000000000000000000000000000000000000000000049105000000000049105000000000000000000000000000000130220261802202600000000000000000000000000000000000000000000000000000000000000000000000000000000       
10400015         00000400000000000000000000000000000000000000000000000000000000000000000000000000000000000000000000                                                                                                                             
10499999         000001000006                                                                                                                                                                                                                   
