10400000         2829265510001450000000000000000000001070749108500000000MUNICIPIO DE BRACO DO NORTE   C ECON FEDERAL                          71302202619505100003204000000                    RET ONLINE-PRODUCAO               000            
10400011T0100030 20829265510001450000000000000000000001070749108500000000MUNICIPIO DE BRACO DO NORTE                                                                                   00000032130220260000000000                          00   
1040001300001T 460000004910850000000   14999000002928908812928908        130220260000000000186847480000002928908                  092048369437000123ANGELA EING ROECKER 59461276915                   000000000000000040301                     
1040001300002U 46000000000000000000000000000000000000000000000000000000000000000000000018684000000000018684000000000000000000000000000000130220261802202600000000000000000000000000000000000000000000000000000000000000000000000000000000       
10400015         00000400000000000000000000000000000000000000000000000000000000000000000000000000000000000000000000                                                                                                                             
10499999         000001000006                                                                                                                                                                                                                   
