10400000         2829265510001450000000000000000000001070749108500000000MUNICIPIO DE BRACO DO NORTE   C ECON FEDERAL                          71302202609212300000304000000                    RET ONLINE-PRODUCAO               000            
10400011T0100030 20829265510001450000000000000000000001070749108500000000MUNICIPIO DE BRACO DO NORTE                                                                                   00000003130220260000000000                          00   
1040001300001T 460000004910850000000   14999000002913852712913852        160220260000000003829422370000002913852                  092010794896000181GERPLAST FERRAMENTAS E MATERIAIS PARA CO          000000000000000040301                     
1040001300002U 46000000000000000000000000130734000000000000000000000000000000000000000252208000000000252208000000000000000000000000000000130220261802202600000000000000000000000000000000000000000000000000000000000000000000000000000000       
1040001300003T 460000004910850000000   14999000002923385612923385        130320260000000000229571040107002923385                  091000030581770978VALMICIO SALVALAGIO                               000000000000000020101                     
1040001300004U 46000000000000000000000000000000000000000000000000000000000000000000000022957000000000022957000000000000000000000000000000130220261802202600000000000000000000000000000000000000000000000000000000000000000000000000000000       
10400015         00000600000000000000000000000000000000000000000000000000000000000000000000000000000000000000000000                                                                                                                             
10499999         000001000008                                                                                                                                                                                                                   
