10400000         2829265510001450000000000000000000001070749108500000000MUNICIPIO DE BRACO DO NORTE   C ECON FEDERAL                          71302202612065400001004000000                    RET ONLINE-PRODUCAO               000            
10400011T0100030 20829265510001450000000000000000000001070749108500000000MUNICIPIO DE BRACO DO NORTE                                                                                   00000010130220260000000000                          00   
1040001300001T 460000004910850000000   14999000002903059912903059        060320260000000001242147560000002903059                  092020784877000128MERCADO CAROL LTDA                                000000000000000040301                     
1040001300002U 46000000000000000000000000000000000000000000000000000000000000000000000124214000000000124214000000000000000000000000000000130220261802202600000000000000000000000000000000000000000000000000000000000000000000000000000000       
1040001300003T 460000004910850000000   14999000002903060212903060        060320260000000000106137560000002903060                  092020784877000128MERCADO CAROL LTDA                                000000000000000040301                     
1040001300004U 46000000000000000000000000000000000000000000000000000000000000000000000010613000000000010613000000000000000000000000000000130220261802202600000000000000000000000000000000000000000000000000000000000000000000000000000000       
10400015         00000600000000000000000000000000000000000000000000000000000000000000000000000000000000000000000000                                                                                                                             
10499999         000001000008                                                                                                                                                                                                                   
