10400000         2829265510001450000000000000000000001070749108500000000MUNICIPIO DE BRACO DO NORTE   C ECON FEDERAL                          71302202620361800003404000000                    RET ONLINE-PRODUCAO               000            
10400011T0100030 20829265510001450000000000000000000001070749108500000000MUNICIPIO DE BRACO DO NORTE                                                                                   00000034130220260000000000                          00   
1040001300001T 460000004910850000000   14999000002908955012908955        060320260000000000106137480000002908955                  092008043677000119COMPRA CERTA COMERCIO DE VEICULOS E MOTO          000000000000000040301                     
1040001300002U 46000000000000000000000000000000000000000000000000000000000000000000000010613000000000010613000000000000000000000000000000130220261802202600000000000000000000000000000000000000000000000000000000000000000000000000000000       
10400015         00000400000000000000000000000000000000000000000000000000000000000000000000000000000000000000000000                                                                                                                             
10499999         000001000006                                                                                                                                                                                                                   
