10400000         2829265510001450000000000000000000001070749108500000000MUNICIPIO DE BRACO DO NORTE   C ECON FEDERAL                          72701202612505900001104000000                    RET ONLINE-PRODUCAO               000            
10400011T0100030 20829265510001450000000000000000000001070749108500000000MUNICIPIO DE BRACO DO NORTE                                                                                   00000011270120260000000000                          00   
1040001300001T 460000004910850000000   14999000002898190512898190        060320260000000005777613410000002898190                  092084684182003253SOCIEDADE DE EDUCACAO SUPERIOR E CULTURA          000000000000000040301                     
1040001300002U 46000000000000000000000000000000000000000000000000000000000000000000000577761000000000577761000000000000000000000000000000270120262801202600000000000000000000000000000000000000000000000000000000000000000000000000000000       
1040001300003T 460000004910850000000   14999000002898191312898191        060320260000000000488453410000002898191                  092084684182003253SOCIEDADE DE EDUCACAO SUPERIOR E CULTURA          000000000000000040301                     
1040001300004U 46000000000000000000000000000000000000000000000000000000000000000000000048845000000000048845000000000000000000000000000000270120262801202600000000000000000000000000000000000000000000000000000000000000000000000000000000       
1040001300005T 460000004910850000000   14999000002898192112898192        060320260000000005135663410000002898192                  092084684182003415SOCIEDADE DE EDUCACAO SUPERIOR E CULTURA          000000000000000040301                     
1040001300006U 46000000000000000000000000000000000000000000000000000000000000000000000513566000000000513566000000000000000000000000000000270120262801202600000000000000000000000000000000000000000000000000000000000000000000000000000000       
1040001300007T 460000004910850000000   14999000002898193012898193        060320260000000000488453410000002898193                  092084684182003415SOCIEDADE DE EDUCACAO SUPERIOR E CULTURA          000000000000000040301                     
1040001300008U 46000000000000000000000000000000000000000000000000000000000000000000000048845000000000048845000000000000000000000000000000270120262801202600000000000000000000000000000000000000000000000000000000000000000000000000000000       
10400015         00001000000000000000000000000000000000000000000000000000000000000000000000000000000000000000000000                                                                                                                             
10499999         000001000012                                                                                                                                                                                                                   
