10400000         2829265510001450000000000000000000001070749108500000000MUNICIPIO DE BRACO DO NORTE   C ECON FEDERAL                          72601202612360500002004000000                    RET ONLINE-PRODUCAO               000            
10400011T0100030 20829265510001450000000000000000000001070749108500000000MUNICIPIO DE BRACO DO NORTE                                                                                   00000020260120260000000000                          00   
1040001300001T 460000004910850000000   14999000002910121612910121        260120260000000000652047480000002910121                  091000006447973989MARCELO BECKER RICKEN                             000000000000000040301                     
1040001300002U 46000000000000000000000000014795000000000000000000000000000000000000000050409000000000050409000000000000000000000000000000260120262701202600000000000000000000000000000000000000000000000000000000000000000000000000000000       
1040001300003T 460000004910850000000   14999000002922894112922894        260120260000000000221670010000002922894                  091000001877992968ESPOLIO DE TIBURCIO CAMILO                        000000000000000040301                     
1040001300004U 46000000000000000000000000000000000000000000000000000000000000000000000022167000000000022167000000000000000000000000000000260120262701202600000000000000000000000000000000000000000000000000000000000000000000000000000000       
10400015         00000600000000000000000000000000000000000000000000000000000000000000000000000000000000000000000000                                                                                                                             
10499999         000001000008                                                                                                                                                                                                                   
