10400000         2829265510001450000000000000000000001070749108500000000MUNICIPIO DE BRACO DO NORTE   C ECON FEDERAL                          72901202615354200001704000000                    RET ONLINE-PRODUCAO               000            
10400011T0100030 20829265510001450000000000000000000001070749108500000000MUNICIPIO DE BRACO DO NORTE                                                                                   00000017290120260000000000                          00   
1040001300001T 460000004910850000000   14999000002929789712929789        270320260000000000222657480000002929789                  092050250237000107UNIC ESQUADRIAS LTDA                              000000000000000040301                     
1040001300002U 46000000000000000000000000000000000000000000000000000000000000000000000022265000000000022265000000000000000000000000000000290120263001202600000000000000000000000000000000000000000000000000000000000000000000000000000000       
10400015         00000400000000000000000000000000000000000000000000000000000000000000000000000000000000000000000000                                                                                                                             
10499999         000001000006                                                                                                                                                                                                                   
