10400000         2829265510001450000000000000000000001070749108500000000MUNICIPIO DE BRACO DO NORTE   C ECON FEDERAL                          70202202610060900001104000000                    RET ONLINE-PRODUCAO               000            
10400011T0100030 20829265510001450000000000000000000001070749108500000000MUNICIPIO DE BRACO DO NORTE                                                                                   00000011020220260000000000                          00   
1040001300001T 460000004910850000000   14999000002914692912914692        230320260000000000322082600000002914692                  092015127614000106RENOVAR AUTO CENTER LTDA                          000000000000000040301                     
1040001300002U 46000000000000000000000000006108000000000000000000000000000000000000000026100000000000026100000000000000000000000000000000020220260302202600000000000000000000000000000000000000000000000000000000000000000000000000000000       
1040001300003T 460000004910850000000   14999000002923822012923822        020220260000000000119782370000002923822                  092051214452000107STROMBERG SERVICOS LTDA                           000000000000000040301                     
1040001300004U 46000000000000000000000000000000000000000000000000000000000000000000000011978000000000011978000000000000000000000000000000020220260302202600000000000000000000000000000000000000000000000000000000000000000000000000000000       
10400015         00000600000000000000000000000000000000000000000000000000000000000000000000000000000000000000000000                                                                                                                             
10499999         000001000008                                                                                                                                                                                                                   
