10400000         2829265510001450000000000000000000001070749108500000000MUNICIPIO DE BRACO DO NORTE   C ECON FEDERAL                          72801202618053700002604000000                    RET ONLINE-PRODUCAO               000            
10400011T0100030 20829265510001450000000000000000000001070749108500000000MUNICIPIO DE BRACO DO NORTE                                                                                   00000026280120260000000000                          00   
1040001300001T 460000004910850000000   14999000002914616312914616        100220260000000000258930010107002914616                  091000003274854930FABRICIO MAY                                      000000000000000620300                     
1040001300002U 46000000000000000000000000000000000000000000000000000000000000000000000025893000000000025893000000000000000000000000000000280120262801202600000000000000000000000000000000000000000000000000000000000000000000000000000000       
1040001300003T 460000004910850000000   14999000002929833812929833        270220260000000000537261040385002929833                  091000002702392946MARLENE MARTINELLI BEZA                           000000000000000060301                     
1040001300004U 46000000000000000000000000000000000000000000000000000000000000000000000053726000000000053726000000000000000000000000000000280120262901202600000000000000000000000000000000000000000000000000000000000000000000000000000000       
10400015         00000600000000000000000000000000000000000000000000000000000000000000000000000000000000000000000000                                                                                                                             
10499999         000001000008                                                                                                                                                                                                                   
