10400000         2829265510001450000000000000000000001070749108500000000MUNICIPIO DE BRACO DO NORTE   C ECON FEDERAL                          70202202616354700002504000000                    RET ONLINE-PRODUCAO               000            
10400011T0100030 20829265510001450000000000000000000001070749108500000000MUNICIPIO DE BRACO DO NORTE                                                                                   00000025020220260000000000                          00   
1040001300001T 460000004910850000000   14999000002899977412899977        020220260000000001674862370000002899977                  091000090764404920JOAO MARCILIO FERREIRA                            000000000000000040101                     
1040001300002U 46000000000000000000000000076735000000000000000000000000000000000000000090751000000000090751000000000000000000000000000000020220260302202600000000000000000000000000000000000000000000000000000000000000000000000000000000       
1040001300003T 460000004910850000000   14999000002923835112923835        060320260000000000488451360000002923835                  092053567927000174HELUS HOLDING PARTICIPACOES LTDA                  000000000000000040301                     
1040001300004U 46000000000000000000000000000000000000000000000000000000000000000000000048845000000000048845000000000000000000000000000000020220260302202600000000000000000000000000000000000000000000000000000000000000000000000000000000       
10400015         00000600000000000000000000000000000000000000000000000000000000000000000000000000000000000000000000                                                                                                                             
10499999         000001000008                                                                                                                                                                                                                   
