10400000         2829265510001450000000000000000000001070749108500000000MUNICIPIO DE BRACO DO NORTE   C ECON FEDERAL                          72701202615501400001904000000                    RET ONLINE-PRODUCAO               000            
10400011T0100030 20829265510001450000000000000000000001070749108500000000MUNICIPIO DE BRACO DO NORTE                                                                                   00000019270120260000000000                          00   
1040001300001T 460000004910850000000   14999000002923248512923248        270120260000000001620207560000002923248                  092037418277000149LIDERALTO LTDA                                    000000000000000040301                     
1040001300002U 46000000000000000000000000000000000000000000000000000000000000000000000162020000000000162020000000000000000000000000000000270120262801202600000000000000000000000000000000000000000000000000000000000000000000000000000000       
1040001300003T 460000004910850000000   14999000002929590812929590        270220260000000000117231040107002929590                  092024264915000172FABRIMAK USINAGEM E MAQUINAS LTDA                 000000000000000620300                     
1040001300004U 46000000000000000000000000000000000000000000000000000000000000000000000011723000000000011723000000000000000000000000000000270120262701202600000000000000000000000000000000000000000000000000000000000000000000000000000000       
10400015         00000600000000000000000000000000000000000000000000000000000000000000000000000000000000000000000000                                                                                                                             
10499999         000001000008                                                                                                                                                                                                                   
