10400000         2829265510001450000000000000000000001070749108500000000MUNICIPIO DE BRACO DO NORTE   C ECON FEDERAL                          72601202613503600002504000000                    RET ONLINE-PRODUCAO               000            
10400011T0100030 20829265510001450000000000000000000001070749108500000000MUNICIPIO DE BRACO DO NORTE                                                                                   00000025260120260000000000                          00   
1040001300001T 460000004910850000000   14999000002916592312916592        260120260000000000121961040107002916592                  091000005777889905SIMONE SALVADOR DA SILVA                          000000000000000020101                     
1040001300002U 46000000000000000000000000000000000000000000000000000000000000000000000012196000000000012196000000000000000000000000000000260120262701202600000000000000000000000000000000000000000000000000000000000000000000000000000000       
10400015         00000400000000000000000000000000000000000000000000000000000000000000000000000000000000000000000000                                                                                                                             
10499999         000001000006                                                                                                                                                                                                                   
