10400000         2829265510001450000000000000000000001070749108500000000MUNICIPIO DE BRACO DO NORTE   C ECON FEDERAL                          70202202617055600002704000000                    RET ONLINE-PRODUCAO               000            
10400011T0100030 20829265510001450000000000000000000001070749108500000000MUNICIPIO DE BRACO DO NORTE                                                                                   00000027020220260000000000                          00   
1040001300001T 460000004910850000000   14999000002910622612910622        020220260000000001665341330000002910622                  091000002736391969VALDIRENE JACINTO                                 000000000000000040301                     
1040001300002U 46000000000000000000000000072976000000000000000000000000000000000000000093558000000000093558000000000000000000000000000000020220260302202600000000000000000000000000000000000000000000000000000000000000000000000000000000       
10400015         00000400000000000000000000000000000000000000000000000000000000000000000000000000000000000000000000                                                                                                                             
10499999         000001000006                                                                                                                                                                                                                   
