10400000         2829265510001450000000000000000000001070749108500000000MUNICIPIO DE BRACO DO NORTE   C ECON FEDERAL                          72601202616061100003204000000                    RET ONLINE-PRODUCAO               000            
10400011T0100030 20829265510001450000000000000000000001070749108500000000MUNICIPIO DE BRACO DO NORTE                                                                                   00000032260120260000000000                          00   
1040001300001T 460000004910850000000   14999000002922155612922155        060320260000000002277557560000002922155                  092005344180000142KM INDUSTRIA E COMERCIO DE PRODUTOS DE L          000000000000000040301                     
1040001300002U 46000000000000000000000000000000000000000000000000000000000000000000000227755000000000227755000000000000000000000000000000260120262701202600000000000000000000000000000000000000000000000000000000000000000000000000000000       
1040001300003T 460000004910850000000   14999000002922156412922156        060320260000000000402277560000002922156                  092005344180000142KM INDUSTRIA E COMERCIO DE PRODUTOS DE L          000000000000000040301                     
1040001300004U 46000000000000000000000000000000000000000000000000000000000000000000000040227000000000040227000000000000000000000000000000260120262701202600000000000000000000000000000000000000000000000000000000000000000000000000000000       
1040001300005T 460000004910850000000   14999000002929291712929291        260220260000000000077532370000002929291                  091000002628360926ROGERIO HEIDEMANN                                 000000000000000040301                     
1040001300006U 46000000000000000000000000000000000000000000000000000000000000000000000007753000000000007753000000000000000000000000000000260120262701202600000000000000000000000000000000000000000000000000000000000000000000000000000000       
10400015         00000800000000000000000000000000000000000000000000000000000000000000000000000000000000000000000000                                                                                                                             
10499999         000001000010                                                                                                                                                                                                                   
