10400000         2829265510001450000000000000000000001070749108500000000MUNICIPIO DE BRACO DO NORTE   C ECON FEDERAL                          73001202619365100002504000000                    RET ONLINE-PRODUCAO               000            
10400011T0100030 20829265510001450000000000000000000001070749108500000000MUNICIPIO DE BRACO DO NORTE                                                                                   00000025300120260000000000                          00   
1040001300001T 460000004910850000000   14999000002923714212923714        300120260000000000023783410000002923714                  092083000836000202FRIGVAN FRIGORIFICO INDUSTRIA E COMERCIO          000000000000000040301                     
1040001300002U 46000000000000000000000000000000000000000000000000000000000000000000000002378000000000002378000000000000000000000000000000300120260202202600000000000000000000000000000000000000000000000000000000000000000000000000000000       
10400015         00000400000000000000000000000000000000000000000000000000000000000000000000000000000000000000000000                                                                                                                             
10499999         000001000006                                                                                                                                                                                                                   
