10400000         2829265510001450000000000000000000001070749108500000000MUNICIPIO DE BRACO DO NORTE   C ECON FEDERAL                          72701202616202700002104000000                    RET ONLINE-PRODUCAO               000            
10400011T0100030 20829265510001450000000000000000000001070749108500000000MUNICIPIO DE BRACO DO NORTE                                                                                   00000021270120260000000000                          00   
1040001300001T 460000004910850000000   14999000002905234712905234        270120260000000002213052370000002905234                  092010926374000196RANNA LOCACAO E TRANSPORTE LTDA                   000000000000000040301                     
1040001300002U 46000000000000000000000000000000000000000000000000000000000000000000000221305000000000221305000000000000000000000000000000270120262801202600000000000000000000000000000000000000000000000000000000000000000000000000000000       
10400015         00000400000000000000000000000000000000000000000000000000000000000000000000000000000000000000000000                                                                                                                             
10499999         000001000006                                                                                                                                                                                                                   
