10400000         2829265510001450000000000000000000001070749108500000000MUNICIPIO DE BRACO DO NORTE   C ECON FEDERAL                          70202202616203000002404000000                    RET ONLINE-PRODUCAO               000            
10400011T0100030 20829265510001450000000000000000000001070749108500000000MUNICIPIO DE BRACO DO NORTE                                                                                   00000024020220260000000000                          00   
1040001300001T 460000004910850000000   14999000002903080712903080        060320260000000000942001360000002903080                  092012608507000101PAZ SERVICOS MEDICOS LTDA                         000000000000000040301                     
1040001300002U 46000000000000000000000000000000000000000000000000000000000000000000000094200000000000094200000000000000000000000000000000020220260302202600000000000000000000000000000000000000000000000000000000000000000000000000000000       
1040001300003T 460000004910850000000   14999000002911226912911226        020220260000000000663841040107002911226                  091000001895168953ANSELMO DELLA GIUSTINA                            000000000000000020101                     
1040001300004U 46000000000000000000000000026812000000000000000000000000000000000000000039572000000000039572000000000000000000000000000000020220260302202600000000000000000000000000000000000000000000000000000000000000000000000000000000       
1040001300005T 460000004910850000000   14999000002932253012932253        020220260000000000717232600107002932253                  091000000819584983SILVIO ANTUNES MULLER                             000000000000000620300                     
1040001300006U 46000000000000000000000000028933000000000000000000000000000000000000000042790000000000042790000000000000000000000000000000020220260202202600000000000000000000000000000000000000000000000000000000000000000000000000000000       
10400015         00000800000000000000000000000000000000000000000000000000000000000000000000000000000000000000000000                                                                                                                             
10499999         000001000010                                                                                                                                                                                                                   
