10400000         2829265510001450000000000000000000001070749108500000000MUNICIPIO DE BRACO DO NORTE   C ECON FEDERAL                          72601202614504000002804000000                    RET ONLINE-PRODUCAO               000            
10400011T0100030 20829265510001450000000000000000000001070749108500000000MUNICIPIO DE BRACO DO NORTE                                                                                   00000028260120260000000000                          00   
1040001300001T 460000004910850000000   14999000002918431612918431        260120260000000000140851040107002918431                  091000048268550953MARIO JORGE DANIELSKI                             000000000000000060301                     
1040001300002U 46000000000000000000000000001816000000000000000000000000000000000000000012269000000000012269000000000000000000000000000000260120262701202600000000000000000000000000000000000000000000000000000000000000000000000000000000       
10400015         00000400000000000000000000000000000000000000000000000000000000000000000000000000000000000000000000                                                                                                                             
10499999         000001000006                                                                                                                                                                                                                   
