10400000         2829265510001450000000000000000000001070749108500000000MUNICIPIO DE BRACO DO NORTE   C ECON FEDERAL                          72801202610362000000704000000                    RET ONLINE-PRODUCAO               000            
10400011T0100030 20829265510001450000000000000000000001070749108500000000MUNICIPIO DE BRACO DO NORTE                                                                                   00000007280120260000000000                          00   
1040001300001T 460000004910850000000   14999000002901710012901710        100220260000000000263207480000002901710                  091000004230780974FABIO HEIDEMANN                                   000000000000000040301                     
1040001300002U 46000000000000000000000000005821000000000000000000000000000000000000000020499000000000020499000000000000000000000000000000280120262901202600000000000000000000000000000000000000000000000000000000000000000000000000000000       
10400015         00000400000000000000000000000000000000000000000000000000000000000000000000000000000000000000000000                                                                                                                             
10499999         000001000006                                                                                                                                                                                                                   
