10400000         2829265510001450000000000000000000001070749108500000000MUNICIPIO DE BRACO DO NORTE   C ECON FEDERAL                          72901202610501900000804000000                    RET ONLINE-PRODUCAO               000            
10400011T0100030 20829265510001450000000000000000000001070749108500000000MUNICIPIO DE BRACO DO NORTE                                                                                   00000008290120260000000000                          00   
1040001300001T 460000004910850000000   14999000002921340512921340        060320260000000001132161040107002921340                  092041496081000140BRAND COMERCIO DE PECAS E MANUTENCAO DE           000000000000000020101                     
1040001300002U 46000000000000000000000000000000000000000000000000000000000000000000000113216000000000113216000000000000000000000000000000290120263001202600000000000000000000000000000000000000000000000000000000000000000000000000000000       
1040001300003T 460000004910850000000   14999000002929926112929926        170220260000000000232597560000002929926                  092002396219000187CALDAO ALIMENTOS LTDA                             000000000000000040301                     
1040001300004U 46000000000000000000000000000000000000000000000000000000000000000000000023259000000000023259000000000000000000000000000000290120263001202600000000000000000000000000000000000000000000000000000000000000000000000000000000       
10400015         00000600000000000000000000000000000000000000000000000000000000000000000000000000000000000000000000                                                                                                                             
10499999         000001000008                                                                                                                                                                                                                   
