10400000         2829265510001450000000000000000000001070749108500000000MUNICIPIO DE BRACO DO NORTE   C ECON FEDERAL                          72801202616061100002004000000                    RET ONLINE-PRODUCAO               000            
10400011T0100030 20829265510001450000000000000000000001070749108500000000MUNICIPIO DE BRACO DO NORTE                                                                                   00000020280120260000000000                          00   
1040001300001T 460000004910850000000   14999000002895795812895795        160220260000000000396452600107002895795                  092007589091000191MOLDUFRAN IND. E COM. DE MOLDURAS LTDA E          000000000000000620300                     
1040001300002U 46000000000000000000000000009379000000000000000000000000000000000000000030266000000000030266000000000000000000000000000000280120262801202600000000000000000000000000000000000000000000000000000000000000000000000000000000       
1040001300003T 460000004910850000000   14999000002895796612895796        160320260000000000399312600107002895796                  092007589091000191MOLDUFRAN IND. E COM. DE MOLDURAS LTDA E          000000000000000620300                     
1040001300004U 46000000000000000000000000009379000000000000000000000000000000000000000030552000000000030552000000000000000000000000000000280120262801202600000000000000000000000000000000000000000000000000000000000000000000000000000000       
1040001300005T 460000004910850000000   14999000002895797412895797        150420260000000000402162600000002895797                  092007589091000191MOLDUFRAN IND. E COM. DE MOLDURAS LTDA E          000000000000000040301                     
1040001300006U 46000000000000000000000000009379000000000000000000000000000000000000000030837000000000030837000000000000000000000000000000280120262901202600000000000000000000000000000000000000000000000000000000000000000000000000000000       
1040001300007T 460000004910850000000   14999000002895798212895798        150520260000000000405022600107002895798                  092007589091000191MOLDUFRAN IND. E COM. DE MOLDURAS LTDA E          000000000000000620300                     
1040001300008U 46000000000000000000000000009379000000000000000000000000000000000000000031123000000000031123000000000000000000000000000000280120262801202600000000000000000000000000000000000000000000000000000000000000000000000000000000       
1040001300009T 460000004910850000000   14999000002895799012895799        150620260000000000407872600107002895799                  092007589091000191MOLDUFRAN IND. E COM. DE MOLDURAS LTDA E          000000000000000620300                     
1040001300010U 46000000000000000000000000009379000000000000000000000000000000000000000031408000000000031408000000000000000000000000000000280120262801202600000000000000000000000000000000000000000000000000000000000000000000000000000000       
1040001300011T 460000004910850000000   14999000002895800812895800        150720260000000000410732600000002895800                  092007589091000191MOLDUFRAN IND. E COM. DE MOLDURAS LTDA E          000000000000000040301                     
1040001300012U 46000000000000000000000000009379000000000000000000000000000000000000000031694000000000031694000000000000000000000000000000280120262901202600000000000000000000000000000000000000000000000000000000000000000000000000000000       
1040001300013T 460000004910850000000   14999000002895801612895801        170820260000000000413572600107002895801                  092007589091000191MOLDUFRAN IND. E COM. DE MOLDURAS LTDA E          000000000000000620300                     
1040001300014U 46000000000000000000000000009393000000000000000000000000000000000000000031964000000000031964000000000000000000000000000000280120262801202600000000000000000000000000000000000000000000000000000000000000000000000000000000       
10400015         00001600000000000000000000000000000000000000000000000000000000000000000000000000000000000000000000                                                                                                                             
10499999         000001000018                                                                                                                                                                                                                   
