10400000         2829265510001450000000000000000000001070749108500000000MUNICIPIO DE BRACO DO NORTE   C ECON FEDERAL                          72601202612204000001904000000                    RET ONLINE-PRODUCAO               000            
10400011T0100030 20829265510001450000000000000000000001070749108500000000MUNICIPIO DE BRACO DO NORTE                                                                                   00000019260120260000000000                          00   
1040001300001T 460000004910850000000   14999000002898312612898312        260120260000000000186272600000002898312                  091000000792972937ROGERIO DA CRUZ JUNIOR                            000000000000000040301                     
1040001300002U 46000000000000000000000000000000000000000000000000000000000000000000000018627000000000018627000000000000000000000000000000260120262701202600000000000000000000000000000000000000000000000000000000000000000000000000000000       
10400015         00000400000000000000000000000000000000000000000000000000000000000000000000000000000000000000000000                                                                                                                             
10499999         000001000006                                                                                                                                                                                                                   
