10400000         2829265510001450000000000000000000001070749108500000000MUNICIPIO DE BRACO DO NORTE   C ECON FEDERAL                          72701202613355800001304000000                    RET ONLINE-PRODUCAO               000            
10400011T0100030 20829265510001450000000000000000000001070749108500000000MUNICIPIO DE BRACO DO NORTE                                                                                   00000013270120260000000000                          00   
1040001300001T 460000004910850000000   14999000002922070312922070        060320260000000000387661040107002922070                  091000080013040944CLAUDIONEI MANOEL DA SILVA                        000000000000000020101                     
1040001300002U 46000000000000000000000000001938000000000000000000000000000000000000000036828000000000036828000000000000000000000000000000270120262801202600000000000000000000000000000000000000000000000000000000000000000000000000000000       
1040001300003T 460000004910850000000   14999000002922071112922071        060320260000000000496201040107002922071                  091000080013040944CLAUDIONEI MANOEL DA SILVA                        000000000000000020101                     
1040001300004U 46000000000000000000000000009924000000000000000000000000000000000000000039696000000000039696000000000000000000000000000000270120262801202600000000000000000000000000000000000000000000000000000000000000000000000000000000       
10400015         00000600000000000000000000000000000000000000000000000000000000000000000000000000000000000000000000                                                                                                                             
10499999         000001000008                                                                                                                                                                                                                   
