10400000         2829265510001450000000000000000000001070749108500000000MUNICIPIO DE BRACO DO NORTE   C ECON FEDERAL                          73001202617503000002204000000                    RET ONLINE-PRODUCAO               000            
10400011T0100030 20829265510001450000000000000000000001070749108500000000MUNICIPIO DE BRACO DO NORTE                                                                                   00000022300120260000000000                          00   
1040001300001T 460000004910850000000   14999000002882080412882080        010220260000000000242622600000002882080                  091000028832108968SANTELINO JERONIMO                                000000000000000040301                     
1040001300002U 46000000000000000000000000000000000000000000000000000000000000000000000024262000000000024262000000000000000000000000000000300120260202202600000000000000000000000000000000000000000000000000000000000000000000000000000000       
10400015         00000400000000000000000000000000000000000000000000000000000000000000000000000000000000000000000000                                                                                                                             
10499999         000001000006                                                                                                                                                                                                                   
