10400000         2829265510001450000000000000000000001070749108500000000MUNICIPIO DE BRACO DO NORTE   C ECON FEDERAL                          73001202616070300001604000000                    RET ONLINE-PRODUCAO               000            
10400011T0100030 20829265510001450000000000000000000001070749108500000000MUNICIPIO DE BRACO DO NORTE                                                                                   00000016300120260000000000                          00   
1040001300001T 460000004910850000000   14999000002711582112711582        300120260000000000295377560000002711582                  092017211866000144LOGPRO SERVICOS ADMINISTRATIVOS PARA TER          000000000000000040301                     
1040001300002U 46000000000000000000000000000000000000000000000000000000000000000000000029537000000000029537000000000000000000000000000000300120260202202600000000000000000000000000000000000000000000000000000000000000000000000000000000       
1040001300003T 460000004910850000000   14999000002796858112796858        300120260000000001276087560000002796858                  092017211866000144LOGPRO SERVICOS ADMINISTRATIVOS PARA TER          000000000000000040301                     
1040001300004U 46000000000000000000000000000000000000000000000000000000000000000000000127608000000000127608000000000000000000000000000000300120260202202600000000000000000000000000000000000000000000000000000000000000000000000000000000       
10400015         00000600000000000000000000000000000000000000000000000000000000000000000000000000000000000000000000                                                                                                                             
10499999         000001000008                                                                                                                                                                                                                   
