10400000         2829265510001450000000000000000000001070749108500000000MUNICIPIO DE BRACO DO NORTE   C ECON FEDERAL                          70202202614363900001804000000                    RET ONLINE-PRODUCAO               000            
10400011T0100030 20829265510001450000000000000000000001070749108500000000MUNICIPIO DE BRACO DO NORTE                                                                                   00000018020220260000000000                          00   
1040001300001T 460000004910850000000   14999000002931999812931999        020220260000000001689371040107002931999                  091000053894715987MARCIAL BEZA DA ROSA                              000000000000000060301                     
1040001300002U 46000000000000000000000000000000000000000000000000000000000000000000000168937000000000168937000000000000000000000000000000020220260302202600000000000000000000000000000000000000000000000000000000000000000000000000000000       
1040001300003T 460000004910850000000   14999000002932001512932001        040320260000000001130260010000002932001                  091000053894715987MARCIAL BEZA DA ROSA                              000000000000000040301                     
1040001300004U 46000000000000000000000000000000000000000000000000000000000000000000000113026000000000113026000000000000000000000000000000020220260302202600000000000000000000000000000000000000000000000000000000000000000000000000000000       
10400015         00000600000000000000000000000000000000000000000000000000000000000000000000000000000000000000000000                                                                                                                             
10499999         000001000008                                                                                                                                                                                                                   
