10400000         2829265510001450000000000000000000001070749108500000000MUNICIPIO DE BRACO DO NORTE   C ECON FEDERAL                          73001202611205700000404000000                    RET ONLINE-PRODUCAO               000            
10400011T0100030 20829265510001450000000000000000000001070749108500000000MUNICIPIO DE BRACO DO NORTE                                                                                   00000004300120260000000000                          00   
1040001300001T 460000004910850000000   14999000002923701012923701        300120260000000000117661040107002923701                  092043818916000166MICHAEL SANTOS DA SILVA 12141662966               000000000000000020101                     
1040001300002U 46000000000000000000000000000000000000000000000000000000000000000000000011766000000000011766000000000000000000000000000000300120260202202600000000000000000000000000000000000000000000000000000000000000000000000000000000       
10400015         00000400000000000000000000000000000000000000000000000000000000000000000000000000000000000000000000                                                                                                                             
10499999         000001000006                                                                                                                                                                                                                   
