10400000         2829265510001450000000000000000000001070749108500000000MUNICIPIO DE BRACO DO NORTE   C ECON FEDERAL                          72701202608355000000204000000                    RET ONLINE-PRODUCAO               000            
10400011T0100030 20829265510001450000000000000000000001070749108500000000MUNICIPIO DE BRACO DO NORTE                                                                                   00000002270120260000000000                          00   
1040001300001T 460000004910850000000   14999000002921170412921170        110220260000000000260000010000002921170                  091000004589822962MAICON SCHMOELLER FERNANDES                       000000000000000040301                     
1040001300002U 46000000000000000000000000000000000000000000000000000000000000000000000026000000000000026000000000000000000000000000000000270120262801202600000000000000000000000000000000000000000000000000000000000000000000000000000000       
10400015         00000400000000000000000000000000000000000000000000000000000000000000000000000000000000000000000000                                                                                                                             
10499999         000001000006                                                                                                                                                                                                                   
