10400000         2829265510001450000000000000000000001070749108500000000MUNICIPIO DE BRACO DO NORTE   C ECON FEDERAL                          73001202613522300001004000000                    RET ONLINE-PRODUCAO               000            
10400011T0100030 20829265510001450000000000000000000001070749108500000000MUNICIPIO DE BRACO DO NORTE                                                                                   00000010300120260000000000                          00   
1040001300001T 460000004910850000000   14999000002930112612930112        300120260000000000267752600000002930112                  091000002045246957MARLI MATOS                                       000000000000000040301                     
1040001300002U 46000000000000000000000000000000000000000000000000000000000000000000000026775000000000026775000000000000000000000000000000300120260202202600000000000000000000000000000000000000000000000000000000000000000000000000000000       
10400015         00000400000000000000000000000000000000000000000000000000000000000000000000000000000000000000000000                                                                                                                             
10499999         000001000006                                                                                                                                                                                                                   
