10400000         2829265510001450000000000000000000001070749108500000000MUNICIPIO DE BRACO DO NORTE   C ECON FEDERAL                          72901202608201700000204000000                    RET ONLINE-PRODUCAO               000            
10400011T0100030 20829265510001450000000000000000000001070749108500000000MUNICIPIO DE BRACO DO NORTE                                                                                   00000002290120260000000000                          00   
1040001300001T 460000004910850000000   14999000002921329412921329        060320260000000001188317560000002921329                  092019821429000178BAR DO ELIO LTDA                                  000000000000000040301                     
1040001300002U 46000000000000000000000000000000000000000000000000000000000000000000000118831000000000118831000000000000000000000000000000290120263001202600000000000000000000000000000000000000000000000000000000000000000000000000000000       
1040001300003T 460000004910850000000   14999000002921330812921330        060320260000000000106137560000002921330                  092019821429000178BAR DO ELIO LTDA                                  000000000000000040301                     
1040001300004U 46000000000000000000000000000000000000000000000000000000000000000000000010613000000000010613000000000000000000000000000000290120263001202600000000000000000000000000000000000000000000000000000000000000000000000000000000       
10400015         00000600000000000000000000000000000000000000000000000000000000000000000000000000000000000000000000                                                                                                                             
10499999         000001000008                                                                                                                                                                                                                   
