10400000         2829265510001450000000000000000000001070749108500000000MUNICIPIO DE BRACO DO NORTE   C ECON FEDERAL                          72601202612503500002104000000                    RET ONLINE-PRODUCAO               000            
10400011T0100030 20829265510001450000000000000000000001070749108500000000MUNICIPIO DE BRACO DO NORTE                                                                                   00000021260120260000000000                          00   
1040001300001T 460000004910850000000   14999000002904979612904979        260120260000000000262961040107002904979                  092061156859000189CASA BELLA HOME DECOR LTDA                        000000000000000620300                     
1040001300002U 46000000000000000000000000004363000000000000000000000000000000000000000021933000000000021933000000000000000000000000000000260120262601202600000000000000000000000000000000000000000000000000000000000000000000000000000000       
1040001300003T 460000004910850000000   14999000002916537012916537        260120260000000001419391040107002916537                  091000037795732968FRANCISCA LAVINA DE JESUS                         000000000000000020101                     
1040001300004U 46000000000000000000000000061723000000000000000000000000000000000000000080216000000000080216000000000000000000000000000000260120262701202600000000000000000000000000000000000000000000000000000000000000000000000000000000       
10400015         00000600000000000000000000000000000000000000000000000000000000000000000000000000000000000000000000                                                                                                                             
10499999         000001000008                                                                                                                                                                                                                   
