10400000         2829265510001450000000000000000000001070749108500000000MUNICIPIO DE BRACO DO NORTE   C ECON FEDERAL                          70202202613512200001504000000                    RET ONLINE-PRODUCAO               000            
10400011T0100030 20829265510001450000000000000000000001070749108500000000MUNICIPIO DE BRACO DO NORTE                                                                                   00000015020220260000000000                          00   
1040001300001T 460000004910850000000   14999000002911045212911045        020220260000000004029927480000002911045                  092017525172000181DELLA GIUSTINA ADMINISTRACAO DE BENS LTD          000000000000000040301                     
1040001300002U 46000000000000000000000000161147000000000000000000000000000000000000000241845000000000241845000000000000000000000000000000020220260302202600000000000000000000000000000000000000000000000000000000000000000000000000000000       
10400015         00000400000000000000000000000000000000000000000000000000000000000000000000000000000000000000000000                                                                                                                             
10499999         000001000006                                                                                                                                                                                                                   
