10400000         2829265510001450000000000000000000001070749108500000000MUNICIPIO DE BRACO DO NORTE   C ECON FEDERAL                          73001202612375600000804000000                    RET ONLINE-PRODUCAO               000            
10400011T0100030 20829265510001450000000000000000000001070749108500000000MUNICIPIO DE BRACO DO NORTE                                                                                   00000008300120260000000000                          00   
1040001300001T 460000004910850000000   14999000002899411012899411        300120260000000000380595090000002899411                  091000004627388926CRICEARA DA ROSA VOLPATO                          000000000000000040301                     
1040001300002U 46000000000000000000000000000000000000000000000000000000000000000000000038059000000000038059000000000000000000000000000000300120260202202600000000000000000000000000000000000000000000000000000000000000000000000000000000       
1040001300003T 460000004910850000000   14999000002899813112899813        020220260000000000207961040107002899813                  091000003062695978DULCE CARVALHO                                    000000000000000020101                     
1040001300004U 46000000000000000000000000000000000000000000000000000000000000000000000020796000000000020796000000000000000000000000000000300120260202202600000000000000000000000000000000000000000000000000000000000000000000000000000000       
1040001300005T 460000004910850000000   14999000002923770312923770        300120260000000001379961360000002923770                  091000004104559970ROGER DA COSTA SCALCO                             000000000000000040301                     
1040001300006U 46000000000000000000000000000000000000000000000000000000000000000000000137996000000000137996000000000000000000000000000000300120260202202600000000000000000000000000000000000000000000000000000000000000000000000000000000       
1040001300007T 460000004910850000000   14999000002923771112923771        300120260000000001088741360000002923771                  091000004104559970ROGER DA COSTA SCALCO                             000000000000000040301                     
1040001300008U 46000000000000000000000000000000000000000000000000000000000000000000000108874000000000108874000000000000000000000000000000300120260202202600000000000000000000000000000000000000000000000000000000000000000000000000000000       
10400015         00001000000000000000000000000000000000000000000000000000000000000000000000000000000000000000000000                                                                                                                             
10499999         000001000012                                                                                                                                                                                                                   
