10400000         2829265510001450000000000000000000001070749108500000000MUNICIPIO DE BRACO DO NORTE   C ECON FEDERAL                          70202202615363900002104000000                    RET ONLINE-PRODUCAO               000            
10400011T0100030 20829265510001450000000000000000000001070749108500000000MUNICIPIO DE BRACO DO NORTE                                                                                   00000021020220260000000000                          00   
1040001300001T 460000004910850000000   14999000002873642012873642        030220260000000000237331040107002873642                  091000009442604970DEBORA WARMELING STUPP                            000000000000000020101                     
1040001300002U 46000000000000000000000000000000000000000000000000000000000000000000000023733000000000023733000000000000000000000000000000020220260302202600000000000000000000000000000000000000000000000000000000000000000000000000000000       
1040001300003T 460000004910850000000   14999000002919987912919987        020220260000000000001251040107002919987                  092000360305107090CAIXA ECONOMICA FEDERAL                           000000000000000030101                     
1040001300004U 46000000000000000000000000000000000000000000000000000000000000000000000000125000000000000125000000000000000000000000000000020220260302202600000000000000000000000000000000000000000000000000000000000000000000000000000000       
1040001300005T 460000004910850000000   14999000002921185212921185        020220260000000000648691040107002921185                  092000360305107090CAIXA ECONOMICA FEDERAL                           000000000000000030101                     
1040001300006U 46000000000000000000000000000000000000000000000000000000000000000000000064869000000000064869000000000000000000000000000000020220260302202600000000000000000000000000000000000000000000000000000000000000000000000000000000       
1040001300007T 460000004910850000000   14999000002923062812923062        050620260000000000697781040107002923062                  092041801996000111CLINICA CIRURGICA ODONTOLOGICA BRACO DO           000000000000000020101                     
1040001300008U 46000000000000000000000000000000000000000000000000000000000000000000000069778000000000069778000000000000000000000000000000020220260302202600000000000000000000000000000000000000000000000000000000000000000000000000000000       
1040001300009T 460000004910850000000   14999000002932152612932152        020220260000000000876791040107002932152                  091000022120238987OSVALDO MACHADO MAIA                              000000000000000020101                     
1040001300010U 46000000000000000000000000028353000000000000000000000000000000000000000059326000000000059326000000000000000000000000000000020220260302202600000000000000000000000000000000000000000000000000000000000000000000000000000000       
10400015         00001200000000000000000000000000000000000000000000000000000000000000000000000000000000000000000000                                                                                                                             
10499999         000001000014                                                                                                                                                                                                                   
