10400000         2829265510001450000000000000000000001070749108500000000MUNICIPIO DE BRACO DO NORTE   C ECON FEDERAL                          72701202615200900001804000000                    RET ONLINE-PRODUCAO               000            
10400011T0100030 20829265510001450000000000000000000001070749108500000000MUNICIPIO DE BRACO DO NORTE                                                                                   00000018270120260000000000                          00   
1040001300001T 460000004910850000000   14999000002899898012899898        020220260000000001423121040107002899898                  091000090689968949EDESIO RODRIGUES NAZARIO                          000000000000000020101                     
1040001300002U 46000000000000000000000000061960000000000000000000000000000000000000000080352000000000080352000000000000000000000000000000270120262801202600000000000000000000000000000000000000000000000000000000000000000000000000000000       
1040001300003T 460000004910850000000   14999000002899899912899899        020320260000000001430821040107002899899                  091000090689968949EDESIO RODRIGUES NAZARIO                          000000000000000020101                     
1040001300004U 46000000000000000000000000061967000000000000000000000000000000000000000081115000000000081115000000000000000000000000000000270120262801202600000000000000000000000000000000000000000000000000000000000000000000000000000000       
10400015         00000600000000000000000000000000000000000000000000000000000000000000000000000000000000000000000000                                                                                                                             
10499999         000001000008                                                                                                                                                                                                                   
