10400000         2829265510001450000000000000000000001070749108500000000MUNICIPIO DE BRACO DO NORTE   C ECON FEDERAL                          70202202614062200001604000000                    RET ONLINE-PRODUCAO               000            
10400011T0100030 20829265510001450000000000000000000001070749108500000000MUNICIPIO DE BRACO DO NORTE                                                                                   00000016020220260000000000                          00   
1040001300001T 460000004910850000000   14999000002909941612909941        100220260000000000080007560000002909941                  092002494371000100AGROSERVICOS PLANEJ TECNICO EM AGROPECUA          000000000000000040301                     
1040001300002U 46000000000000000000000000000000000000000000000000000000000000000000000008000000000000008000000000000000000000000000000000020220260302202600000000000000000000000000000000000000000000000000000000000000000000000000000000       
1040001300003T 460000004910850000000   14999000002910598012910598        020220260000000000632243410000002910598                  092049503437000137LEANDRO ALBERTON INDUSTRIA E COMERCIO DE          000000000000000040301                     
1040001300004U 46000000000000000000000000011872000000000000000000000000000000000000000051352000000000051352000000000000000000000000000000020220260302202600000000000000000000000000000000000000000000000000000000000000000000000000000000       
1040001300005T 460000004910850000000   14999000002910610212910610        020220260000000000632243410000002910610                  092037666331000175MAICON STRAPAZOLI ALVES LTDA                      000000000000000040301                     
1040001300006U 46000000000000000000000000011872000000000000000000000000000000000000000051352000000000051352000000000000000000000000000000020220260302202600000000000000000000000000000000000000000000000000000000000000000000000000000000       
1040001300007T 460000004910850000000   14999000002911720112911720        050220260000000001186731040107002911720                  092026968227000119KAO ADMINISTRADORA DE BENS LTDA                   000000000000000620300                     
1040001300008U 46000000000000000000000000037734000000000000000000000000000000000000000080939000000000080939000000000000000000000000000000020220260202202600000000000000000000000000000000000000000000000000000000000000000000000000000000       
10400015         00001000000000000000000000000000000000000000000000000000000000000000000000000000000000000000000000                                                                                                                             
10499999         000001000012                                                                                                                                                                                                                   
