10400000         2829265510001450000000000000000000001070749108500000000MUNICIPIO DE BRACO DO NORTE   C ECON FEDERAL                          72701202610202500000604000000                    RET ONLINE-PRODUCAO               000            
10400011T0100030 20829265510001450000000000000000000001070749108500000000MUNICIPIO DE BRACO DO NORTE                                                                                   00000006270120260000000000                          00   
1040001300001T 460000004910850000000   14999000002922965412922965        060320260000000000053064500000002922965                  092060049220000131VANESSA BOGER CONTABILIDADE CONSULTIVA L          000000000000000040301                     
1040001300002U 46000000000000000000000000000000000000000000000000000000000000000000000005306000000000005306000000000000000000000000000000270120262801202600000000000000000000000000000000000000000000000000000000000000000000000000000000       
1040001300003T 460000004910850000000   14999000002923246912923246        270120260000000000387570850000002923246                  092044949206000138CADU ESQUADRIAS LTDA                              000000000000000040301                     
1040001300004U 46000000000000000000000000000000000000000000000000000000000000000000000038757000000000038757000000000000000000000000000000270120262801202600000000000000000000000000000000000000000000000000000000000000000000000000000000       
10400015         00000600000000000000000000000000000000000000000000000000000000000000000000000000000000000000000000                                                                                                                             
10499999         000001000008                                                                                                                                                                                                                   
