10400000         2829265510001450000000000000000000001070749108500000000MUNICIPIO DE BRACO DO NORTE   C ECON FEDERAL                          70202202611210200001304000000                    RET ONLINE-PRODUCAO               000            
10400011T0100030 20829265510001450000000000000000000001070749108500000000MUNICIPIO DE BRACO DO NORTE                                                                                   00000013020220260000000000                          00   
1040001300001T 460000004910850000000   14999000002911810012911810        090220260000000000233751040107002911810                  091000007905672964VENILIO THOMAZ                                    000000000000000020101                     
1040001300002U 46000000000000000000000000008144000000000000000000000000000000000000000015231000000000015231000000000000000000000000000000020220260302202600000000000000000000000000000000000000000000000000000000000000000000000000000000       
1040001300003T 460000004910850000000   14999000002923827012923827        020220260000000000203120330000002923827                  091000010914942905LARISSA ALBERTON                                  000000000000000040301                     
1040001300004U 46000000000000000000000000000000000000000000000000000000000000000000000020312000000000020312000000000000000000000000000000020220260302202600000000000000000000000000000000000000000000000000000000000000000000000000000000       
10400015         00000600000000000000000000000000000000000000000000000000000000000000000000000000000000000000000000                                                                                                                             
10499999         000001000008                                                                                                                                                                                                                   
