10400000         2829265510001450000000000000000000001070749108500000000MUNICIPIO DE BRACO DO NORTE   C ECON FEDERAL                          70202202617504100003004000000                    RET ONLINE-PRODUCAO               000            
10400011T0100030 20829265510001450000000000000000000001070749108500000000MUNICIPIO DE BRACO DO NORTE                                                                                   00000030020220260000000000                          00   
1040001300001T 460000004910850000000   14999000002905960012905960        020220260000000000117011040107002905960                  091000068287216915CELSO ONEI DA SILVA MARTINS                       000000000000000060301                     
1040001300002U 46000000000000000000000000000000000000000000000000000000000000000000000011701000000000011701000000000000000000000000000000020220260302202600000000000000000000000000000000000000000000000000000000000000000000000000000000       
10400015         00000400000000000000000000000000000000000000000000000000000000000000000000000000000000000000000000                                                                                                                             
10499999         000001000006                                                                                                                                                                                                                   
