10400000         2829265510001450000000000000000000001070749108500000000MUNICIPIO DE BRACO DO NORTE   C ECON FEDERAL                          72601202615355100003004000000                    RET ONLINE-PRODUCAO               000            
10400011T0100030 20829265510001450000000000000000000001070749108500000000MUNICIPIO DE BRACO DO NORTE                                                                                   00000030260120260000000000                          00   
1040001300001T 460000004910850000000   14999000002919130412919130        060320260000000000247655090000002919130                  092053674375000101PORTO PET CLINICA VETERINARIA LTDA                000000000000000040301                     
1040001300002U 46000000000000000000000000000000000000000000000000000000000000000000000024765000000000024765000000000000000000000000000000260120262701202600000000000000000000000000000000000000000000000000000000000000000000000000000000       
1040001300003T 460000004910850000000   14999000002922949212922949        260120260000000000139230010000002922949                  092015026663000152MORGANA ENGELS .CO LTDA                           000000000000000040301                     
1040001300004U 46000000000000000000000000000000000000000000000000000000000000000000000013923000000000013923000000000000000000000000000000260120262701202600000000000000000000000000000000000000000000000000000000000000000000000000000000       
1040001300005T 460000004910850000000   14999000002928923112928923        050220260000000000232597560000002928923                  091000004748502932DIRLEI HEIDEMANN LOCH                             000000000000000040101                     
1040001300006U 46000000000000000000000000000000000000000000000000000000000000000000000023259000000000023259000000000000000000000000000000260120262701202600000000000000000000000000000000000000000000000000000000000000000000000000000000       
1040001300007T 460000004910850000000   14999000002929348412929348        300120260000000000520567560000002929348                  091000087090279987FERENA NIEHUES OENNING                            000000000000000040301                     
1040001300008U 46000000000000000000000000013348000000000000000000000000000000000000000038708000000000038708000000000000000000000000000000260120262701202600000000000000000000000000000000000000000000000000000000000000000000000000000000       
1040001300009T 460000004910850000000   14999000002929430812929430        260120260000000001455981040107002929430                  092085325272000114AUGUSTO SILVA MOTTA                               000000000000000020101                     
1040001300010U 46000000000000000000000000020869000000000000000000000000000000000000000124729000000000124729000000000000000000000000000000260120262701202600000000000000000000000000000000000000000000000000000000000000000000000000000000       
10400015         00001200000000000000000000000000000000000000000000000000000000000000000000000000000000000000000000                                                                                                                             
10499999         000001000014                                                                                                                                                                                                                   
