10400000         2829265510001450000000000000000000001070749108500000000MUNICIPIO DE BRACO DO NORTE   C ECON FEDERAL                          72601202615510600003104000000                    RET ONLINE-PRODUCAO               000            
10400011T0100030 20829265510001450000000000000000000001070749108500000000MUNICIPIO DE BRACO DO NORTE                                                                                   00000031260120260000000000                          00   
1040001300001T 460000004910850000000   14999000002898531512898531        260120260000000001821561360000002898531                  092051289188000170AURA EMPREENDIMENTOS IMOBILIARIOS LTDA            000000000000000040301                     
1040001300002U 46000000000000000000000000000000000000000000000000000000000000000000000182156000000000182156000000000000000000000000000000260120262701202600000000000000000000000000000000000000000000000000000000000000000000000000000000       
1040001300003T 460000004910850000000   14999000002929477412929477        060320260000000000387661040107002929477                  091000068287550904EODILSON BET RINALDI                              000000000000000020101                     
1040001300004U 46000000000000000000000000001938000000000000000000000000000000000000000036828000000000036828000000000000000000000000000000260120262701202600000000000000000000000000000000000000000000000000000000000000000000000000000000       
1040001300005T 460000004910850000000   14999000002929478212929478        060320260000000000496201040107002929478                  091000068287550904EODILSON BET RINALDI                              000000000000000020101                     
1040001300006U 46000000000000000000000000009924000000000000000000000000000000000000000039696000000000039696000000000000000000000000000000260120262701202600000000000000000000000000000000000000000000000000000000000000000000000000000000       
10400015         00000800000000000000000000000000000000000000000000000000000000000000000000000000000000000000000000                                                                                                                             
10499999         000001000010                                                                                                                                                                                                                   
