10400000         2829265510001450000000000000000000001070749108500000000MUNICIPIO DE BRACO DO NORTE   C ECON FEDERAL                          72901202610054300000504000000                    RET ONLINE-PRODUCAO               000            
10400011T0100030 20829265510001450000000000000000000001070749108500000000MUNICIPIO DE BRACO DO NORTE                                                                                   00000005290120260000000000                          00   
1040001300001T 460000004910850000000   14999000002923479812923479        060320260000000002080527480000002923479                  092052530651000197GOULART ADMINISTRADORA DE IMOVEIS LTDA            000000000000000040301                     
1040001300002U 46000000000000000000000000000000000000000000000000000000000000000000000208052000000000208052000000000000000000000000000000290120263001202600000000000000000000000000000000000000000000000000000000000000000000000000000000       
1040001300003T 460000004910850000000   14999000002923480112923480        270220260000000000117237480000002923480                  092052530651000197GOULART ADMINISTRADORA DE IMOVEIS LTDA            000000000000000040301                     
1040001300004U 46000000000000000000000000000000000000000000000000000000000000000000000011723000000000011723000000000000000000000000000000290120263001202600000000000000000000000000000000000000000000000000000000000000000000000000000000       
1040001300005T 460000004910850000000   14999000002923481012923481        060320260000000000488457480000002923481                  092053567614000116ROMA HOLDING PARTICIPACOES LTDA                   000000000000000040301                     
1040001300006U 46000000000000000000000000000000000000000000000000000000000000000000000048845000000000048845000000000000000000000000000000290120263001202600000000000000000000000000000000000000000000000000000000000000000000000000000000       
1040001300007T 460000004910850000000   14999000002923482812923482        060320260000000000809187480000002923482                  092053567614000116ROMA HOLDING PARTICIPACOES LTDA                   000000000000000040301                     
1040001300008U 46000000000000000000000000000000000000000000000000000000000000000000000080918000000000080918000000000000000000000000000000290120263001202600000000000000000000000000000000000000000000000000000000000000000000000000000000       
10400015         00001000000000000000000000000000000000000000000000000000000000000000000000000000000000000000000000                                                                                                                             
10499999         000001000012                                                                                                                                                                                                                   
