10400000         2829265510001450000000000000000000001070749108500000000MUNICIPIO DE BRACO DO NORTE   C ECON FEDERAL                          73001202616360900001804000000                    RET ONLINE-PRODUCAO               000            
10400011T0100030 20829265510001450000000000000000000001070749108500000000MUNICIPIO DE BRACO DO NORTE                                                                                   00000018300120260000000000                          00   
1040001300001T 460000004910850000000   14999000002923787812923787        300120260000000000276431330000002923787                  092043818620000145SCHUELTER TRANSPORTES LTDA                        000000000000000040301                     
1040001300002U 46000000000000000000000000000000000000000000000000000000000000000000000027643000000000027643000000000000000000000000000000300120260202202600000000000000000000000000000000000000000000000000000000000000000000000000000000       
1040001300003T 460000004910850000000   14999000002923788612923788        300120260000000001465603480000002923788                  091000034297901900VALDIR HEIDEMANN MICHELS                          000000000000000040301                     
1040001300004U 46000000000000000000000000000000000000000000000000000000000000000000000146560000000000146560000000000000000000000000000000300120260202202600000000000000000000000000000000000000000000000000000000000000000000000000000000       
10400015         00000600000000000000000000000000000000000000000000000000000000000000000000000000000000000000000000                                                                                                                             
10499999         000001000008                                                                                                                                                                                                                   
