10400000         2829265510001450000000000000000000001070749108500000000MUNICIPIO DE BRACO DO NORTE   C ECON FEDERAL                          72801202613500000001404000000                    RET ONLINE-PRODUCAO               000            
10400011T0100030 20829265510001450000000000000000000001070749108500000000MUNICIPIO DE BRACO DO NORTE                                                                                   00000014280120260000000000                          00   
1040001300001T 460000004910850000000   14999000002923489512923489        280120260000000000315717560000002923489                  092021711765000100ANDREIA BERTIER ALBERTON LTDA                     000000000000000040301                     
1040001300002U 46000000000000000000000000000000000000000000000000000000000000000000000031571000000000031571000000000000000000000000000000280120262901202600000000000000000000000000000000000000000000000000000000000000000000000000000000       
1040001300003T 460000004910850000000   14999000002929589412929589        280120260000000003157653360107002929589                  091000090689968949EDESIO RODRIGUES NAZARIO                          000000000000000620300                     
1040001300004U 46000000000000000000000000125045000000000000000000000000000000000000000190720000000000190720000000000000000000000000000000280120262801202600000000000000000000000000000000000000000000000000000000000000000000000000000000       
10400015         00000600000000000000000000000000000000000000000000000000000000000000000000000000000000000000000000                                                                                                                             
10499999         000001000008                                                                                                                                                                                                                   
