10400000         2829265510001450000000000000000000001070749108500000000MUNICIPIO DE BRACO DO NORTE   C ECON FEDERAL                          72901202608052100000104000000                    RET ONLINE-PRODUCAO               000            
10400011T0100030 20829265510001450000000000000000000001070749108500000000MUNICIPIO DE BRACO DO NORTE                                                                                   00000001290120260000000000                          00   
1040001300001T 460000004910850000000   14999000002895684612895684        160220260000000000738331040107002895684                  091000037532090906ESPOLIO DE AUGUSTA DA SILVA MARCILIO              000000000000000620300                     
1040001300002U 46000000000000000000000000033204000000000000000000000000000000000000000040629000000000040629000000000000000000000000000000290120262901202600000000000000000000000000000000000000000000000000000000000000000000000000000000       
10400015         00000400000000000000000000000000000000000000000000000000000000000000000000000000000000000000000000                                                                                                                             
10499999         000001000006                                                                                                                                                                                                                   
