10400000         2829265510001450000000000000000000001070749108500000000MUNICIPIO DE BRACO DO NORTE   C ECON FEDERAL                          70202202609210100000904000000                    RET ONLINE-PRODUCAO               000            
10400011T0100030 20829265510001450000000000000000000001070749108500000000MUNICIPIO DE BRACO DO NORTE                                                                                   00000009020220260000000000                          00   
1040001300001T 460000004910850000000   14999000002746778712746778        010220260000000000180451040107002746778                  091000053424573949OSMARINO DELFINO                                  000000000000000020101                     
1040001300002U 46000000000000000000000000000000000000000000000000000000000000000000000018045000000000018045000000000000000000000000000000020220260302202600000000000000000000000000000000000000000000000000000000000000000000000000000000       
1040001300003T 460000004910850000000   14999000002900283812900283        060220260000000000921742600000002900283                  091000075813475915ROSI ALBERTINA DE SOUZA RODHEN                    000000000000000040301                     
1040001300004U 46000000000000000000000000040336000000000000000000000000000000000000000051838000000000051838000000000000000000000000000000020220260302202600000000000000000000000000000000000000000000000000000000000000000000000000000000       
1040001300005T 460000004910850000000   14999000002905779912905779        020220260000000000373281330000002905779                  092046470861000134GIZA STORE LTDA                                   000000000000000040301                     
1040001300006U 46000000000000000000000000007504000000000000000000000000000000000000000029824000000000029824000000000000000000000000000000020220260302202600000000000000000000000000000000000000000000000000000000000000000000000000000000       
10400015         00000800000000000000000000000000000000000000000000000000000000000000000000000000000000000000000000                                                                                                                             
10499999         000001000010                                                                                                                                                                                                                   
