10400000         2829265510001450000000000000000000001070749108500000000MUNICIPIO DE BRACO DO NORTE   C ECON FEDERAL                          73101202609202700000104000000                    RET ONLINE-PRODUCAO               000            
10400011T0100030 20829265510001450000000000000000000001070749108500000000MUNICIPIO DE BRACO DO NORTE                                                                                   00000001310120260000000000                          00   
1040001300001T 460000004910850000000   14999000002930686112930686        100220260000000000010001040107002930686                  091000063246066949ANSELMO ANTONIO MEURER                            000000000000000610300                     
1040001300002U 46000000000000000000000000000000000000000000000000000000000000000000000001000000000000001000000000000000000000000000000000020220260202202600000000000000000000000000000000000000000000000000000000000000000000000000000000       
10400015         00000400000000000000000000000000000000000000000000000000000000000000000000000000000000000000000000                                                                                                                             
10499999         000001000006                                                                                                                                                                                                                   
