10400000         2829265510001450000000000000000000001070749108500000000MUNICIPIO DE BRACO DO NORTE   C ECON FEDERAL                          72601202610055100001104000000                    RET ONLINE-PRODUCAO               000            
10400011T0100030 20829265510001450000000000000000000001070749108500000000MUNICIPIO DE BRACO DO NORTE                                                                                   00000011260120260000000000                          00   
1040001300001T 460000004910850000000   14999000002898044512898044        260120260000000001193487560000002898044                  091000025210645991ERVIZO MATTEI ASCARI                              000000000000000040301                     
1040001300002U 46000000000000000000000000000000000000000000000000000000000000000000000119348000000000119348000000000000000000000000000000260120262701202600000000000000000000000000000000000000000000000000000000000000000000000000000000       
1040001300003T 460000004910850000000   14999000002928013712928013        060320260000000002725451970107002928013                  092006174132000388EVELASIO COMERCIO DE GAS LTDA                     000000000000000620300                     
1040001300004U 46000000000000000000000000054509000000000000000000000000000000000000000218036000000000218036000000000000000000000000000000260120262601202600000000000000000000000000000000000000000000000000000000000000000000000000000000       
1040001300005T 460000004910850000000   14999000002928018812928018        060320260000000000387661970107002928018                  092006174132000388EVELASIO COMERCIO DE GAS LTDA                     000000000000000620300                     
1040001300006U 46000000000000000000000000003877000000000000000000000000000000000000000034889000000000034889000000000000000000000000000000260120262601202600000000000000000000000000000000000000000000000000000000000000000000000000000000       
10400015         00000800000000000000000000000000000000000000000000000000000000000000000000000000000000000000000000                                                                                                                             
10499999         000001000010                                                                                                                                                                                                                   
