10400000         2829265510001450000000000000000000001070749108500000000MUNICIPIO DE BRACO DO NORTE   C ECON FEDERAL                          73101202610355100000304000000                    RET ONLINE-PRODUCAO               000            
10400011T0100030 20829265510001450000000000000000000001070749108500000000MUNICIPIO DE BRACO DO NORTE                                                                                   00000003310120260000000000                          00   
1040001300001T 460000004910850000000   14999000002895190912895190        110220260000000000656441040107002895190                  091000034233121904ESPOLIO DE ANDRE MARTINS                          000000000000000020101                     
1040001300002U 46000000000000000000000000030710000000000000000000000000000000000000000034934000000000034934000000000000000000000000000000020220260302202600000000000000000000000000000000000000000000000000000000000000000000000000000000       
10400015         00000400000000000000000000000000000000000000000000000000000000000000000000000000000000000000000000                                                                                                                             
10499999         000001000006                                                                                                                                                                                                                   
