10400000         2829265510001450000000000000000000001070749108500000000MUNICIPIO DE BRACO DO NORTE   C ECON FEDERAL                          70202202618202200003104000000                    RET ONLINE-PRODUCAO               000            
10400011T0100030 20829265510001450000000000000000000001070749108500000000MUNICIPIO DE BRACO DO NORTE                                                                                   00000031020220260000000000                          00   
1040001300001T 460000004910850000000   14999000002899725912899725        020220260000000000205861040107002899725                  091000003618163916DEISE APARECIDA MORAIS                            000000000000000060301                     
1040001300002U 46000000000000000000000000000000000000000000000000000000000000000000000020586000000000020586000000000000000000000000000000020220260302202600000000000000000000000000000000000000000000000000000000000000000000000000000000       
1040001300003T 460000004910850000000   14999000002922184012922184        060320260000000001375172370000002922184                  092035819449000160TOMASI ASSESSORIA LTDA                            000000000000000040301                     
1040001300004U 46000000000000000000000000000000000000000000000000000000000000000000000137517000000000137517000000000000000000000000000000020220260302202600000000000000000000000000000000000000000000000000000000000000000000000000000000       
10400015         00000600000000000000000000000000000000000000000000000000000000000000000000000000000000000000000000                                                                                                                             
10499999         000001000008                                                                                                                                                                                                                   
