10400000         2829265510001450000000000000000000001070749108500000000MUNICIPIO DE BRACO DO NORTE   C ECON FEDERAL                          72601202614055200002604000000                    RET ONLINE-PRODUCAO               000            
10400011T0100030 20829265510001450000000000000000000001070749108500000000MUNICIPIO DE BRACO DO NORTE                                                                                   00000026260120260000000000                          00   
1040001300001T 460000004910850000000   14999000002898482312898482        260120260000000000976157560000002898482                  091000087065240959SERGIO LUIS MARIOT                                000000000000000040301                     
1040001300002U 46000000000000000000000000000000000000000000000000000000000000000000000097615000000000097615000000000000000000000000000000260120262701202600000000000000000000000000000000000000000000000000000000000000000000000000000000       
1040001300003T 460000004910850000000   14999000002906743312906743        060320260000000010745804220000002906743                  092002831172011681KOCH HIPERMERCADO S/A                             000000000000000040301                     
1040001300004U 46000000000000000000000000000000000000000000000000000000000000000000001074580000000001074580000000000000000000000000000000260120262701202600000000000000000000000000000000000000000000000000000000000000000000000000000000       
1040001300005T 460000004910850000000   14999000002906744112906744        060320260000000000208574220000002906744                  092002831172011681KOCH HIPERMERCADO S/A                             000000000000000040301                     
1040001300006U 46000000000000000000000000000000000000000000000000000000000000000000000020857000000000020857000000000000000000000000000000260120262701202600000000000000000000000000000000000000000000000000000000000000000000000000000000       
1040001300007T 460000004910850000000   14999000002922543812922543        260120260000000000920801360000002922543                  091000079041698949PAULO SERGIO MACHADO                              000000000000000040301                     
1040001300008U 46000000000000000000000000000000000000000000000000000000000000000000000092080000000000092080000000000000000000000000000000260120262701202600000000000000000000000000000000000000000000000000000000000000000000000000000000       
1040001300009T 460000004910850000000   14999000002922546212922546        260120260000000000807841360000002922546                  092039647353000113NOSSOBEM DESENVOLVIMENTO E LICENCIAMENTO          000000000000000040301                     
1040001300010U 46000000000000000000000000000000000000000000000000000000000000000000000080784000000000080784000000000000000000000000000000260120262701202600000000000000000000000000000000000000000000000000000000000000000000000000000000       
10400015         00001200000000000000000000000000000000000000000000000000000000000000000000000000000000000000000000                                                                                                                             
10499999         000001000014                                                                                                                                                                                                                   
