10400000         2829265510001450000000000000000000001070749108500000000MUNICIPIO DE BRACO DO NORTE   C ECON FEDERAL                          72601202609360000000904000000                    RET ONLINE-PRODUCAO               000            
10400011T0100030 20829265510001450000000000000000000001070749108500000000MUNICIPIO DE BRACO DO NORTE                                                                                   00000009260120260000000000                          00   
1040001300001T 460000004910850000000   14999000002906302012906302        290120260000000000656191040107002906302                  091000062102796949SIDNEY AVELINO                                    000000000000000020101                     
1040001300002U 46000000000000000000000000020854000000000000000000000000000000000000000044765000000000044765000000000000000000000000000000260120262701202600000000000000000000000000000000000000000000000000000000000000000000000000000000       
1040001300003T 460000004910850000000   14999000002916284312916284        260120260000000000422020010000002916284                  092042319208000118AWMT PARTICIPACOES LTDA                           000000000000000040301                     
1040001300004U 46000000000000000000000000010168000000000000000000000000000000000000000032034000000000032034000000000000000000000000000000260120262701202600000000000000000000000000000000000000000000000000000000000000000000000000000000       
1040001300005T 460000004910850000000   14999000002916703912916703        260120260000000000325481330000002916703                  091000087155648949ADEMAR FLORIANO CESARIO                           000000000000000040301                     
1040001300006U 46000000000000000000000000006522000000000000000000000000000000000000000026026000000000026026000000000000000000000000000000260120262701202600000000000000000000000000000000000000000000000000000000000000000000000000000000       
10400015         00000800000000000000000000000000000000000000000000000000000000000000000000000000000000000000000000                                                                                                                             
10499999         000001000010                                                                                                                                                                                                                   
