10400000         2829265510001450000000000000000000001070749108500000000MUNICIPIO DE BRACO DO NORTE   C ECON FEDERAL                          72701202621352700002504000000                    RET ONLINE-PRODUCAO               000            
10400011T0100030 20829265510001450000000000000000000001070749108500000000MUNICIPIO DE BRACO DO NORTE                                                                                   00000025270120260000000000                          00   
1040001300001T 460000004910850000000   14999000002929290912929290        260220260000000000077532370000002929290                  091000007067766907JOSE JUNIOR ROCHA DA SILVA                        000000000000000040301                     
1040001300002U 46000000000000000000000000000000000000000000000000000000000000000000000007753000000000007753000000000000000000000000000000270120262801202600000000000000000000000000000000000000000000000000000000000000000000000000000000       
10400015         00000400000000000000000000000000000000000000000000000000000000000000000000000000000000000000000000                                                                                                                             
10499999         000001000006                                                                                                                                                                                                                   
