10400000         2829265510001450000000000000000000001070749108500000000MUNICIPIO DE BRACO DO NORTE   C ECON FEDERAL                          72601202610210400001204000000                    RET ONLINE-PRODUCAO               000            
10400011T0100030 20829265510001450000000000000000000001070749108500000000MUNICIPIO DE BRACO DO NORTE                                                                                   00000012260120260000000000                          00   
1040001300001T 460000004910850000000   14999000002889901012889901        260120260000000000133527560000002889901                  092044044510000136RBB CURSOS E TREINAMENTOS EMPRESARIAIS L          000000000000000040301                     
1040001300002U 46000000000000000000000000000000000000000000000000000000000000000000000013352000000000013352000000000000000000000000000000260120262701202600000000000000000000000000000000000000000000000000000000000000000000000000000000       
1040001300003T 460000004910850000000   14999000002920362012920362        260120260000000000247597560000002920362                  091000008717484952RODRIGO PETROSKI VOSS                             000000000000000040301                     
1040001300004U 46000000000000000000000000004766000000000000000000000000000000000000000019993000000000019993000000000000000000000000000000260120262701202600000000000000000000000000000000000000000000000000000000000000000000000000000000       
10400015         00000600000000000000000000000000000000000000000000000000000000000000000000000000000000000000000000                                                                                                                             
10499999         000001000008                                                                                                                                                                                                                   
