10400000         2829265510001450000000000000000000001070749108500000000MUNICIPIO DE BRACO DO NORTE   C ECON FEDERAL                          72801202610502300000804000000                    RET ONLINE-PRODUCAO               000            
10400011T0100030 20829265510001450000000000000000000001070749108500000000MUNICIPIO DE BRACO DO NORTE                                                                                   00000008280120260000000000                          00   
1040001300001T 460000004910850000000   14999000002923458512923458        270220260000000000117230010000002923458                  092019356003000190SAMUEL TURAZZI LTDA                               000000000000000040301                     
1040001300002U 46000000000000000000000000000000000000000000000000000000000000000000000011723000000000011723000000000000000000000000000000280120262901202600000000000000000000000000000000000000000000000000000000000000000000000000000000       
1040001300003T 460000004910850000000   14999000002929588612929588        260220260000000002239901330000002929588                  091000049484362915ALICIO DUESSMANN                                  000000000000000040301                     
1040001300004U 46000000000000000000000000000000000000000000000000000000000000000000000223990000000000223990000000000000000000000000000000280120262901202600000000000000000000000000000000000000000000000000000000000000000000000000000000       
10400015         00000600000000000000000000000000000000000000000000000000000000000000000000000000000000000000000000                                                                                                                             
10499999         000001000008                                                                                                                                                                                                                   
