10400000         2829265510001450000000000000000000001070749108500000000MUNICIPIO DE BRACO DO NORTE   C ECON FEDERAL                          72801202612053000001104000000                    RET ONLINE-PRODUCAO               000            
10400011T0100030 20829265510001450000000000000000000001070749108500000000MUNICIPIO DE BRACO DO NORTE                                                                                   00000011280120260000000000                          00   
1040001300001T 460000004910850000000   14999000002921749412921749        310120260000000000755601360000002921749                  091000017903882953SEBASTIAO ANTIKIEWESKI                            000000000000000040301                     
1040001300002U 46000000000000000000000000000000000000000000000000000000000000000000000075560000000000075560000000000000000000000000000000280120262901202600000000000000000000000000000000000000000000000000000000000000000000000000000000       
1040001300003T 460000004910850000000   14999000002923194212923194        310120260000000000635941360000002923194                  091000017903882953SEBASTIAO ANTIKIEWESKI                            000000000000000040301                     
1040001300004U 46000000000000000000000000000000000000000000000000000000000000000000000063594000000000063594000000000000000000000000000000280120262901202600000000000000000000000000000000000000000000000000000000000000000000000000000000       
10400015         00000600000000000000000000000000000000000000000000000000000000000000000000000000000000000000000000                                                                                                                             
10499999         000001000008                                                                                                                                                                                                                   
