10400000         2829265510001450000000000000000000001070749108500000000MUNICIPIO DE BRACO DO NORTE   C ECON FEDERAL                          72901202617053000002004000000                    RET ONLINE-PRODUCAO               000            
10400011T0100030 20829265510001450000000000000000000001070749108500000000MUNICIPIO DE BRACO DO NORTE                                                                                   00000020290120260000000000                          00   
1040001300001T 460000004910850000000   14999000002887958212887958        290120260000000000223643410000002887958                  092081804676000130STAPAZZOLI INDUSTRIA DE ALIMENTOS LTDA            000000000000000040301                     
1040001300002U 46000000000000000000000000000000000000000000000000000000000000000000000022364000000000022364000000000000000000000000000000290120263001202600000000000000000000000000000000000000000000000000000000000000000000000000000000       
1040001300003T 460000004910850000000   14999000002923587512923587        290120260000000000182461040107002923587                  091000003807137998IRINEIA BECKHAUSER                                000000000000000060301                     
1040001300004U 46000000000000000000000000000000000000000000000000000000000000000000000018246000000000018246000000000000000000000000000000290120263001202600000000000000000000000000000000000000000000000000000000000000000000000000000000       
10400015         00000600000000000000000000000000000000000000000000000000000000000000000000000000000000000000000000                                                                                                                             
10499999         000001000008                                                                                                                                                                                                                   
