10400000         2829265510001450000000000000000000001070749108500000000MUNICIPIO DE BRACO DO NORTE   C ECON FEDERAL                          72701202612363700001004000000                    RET ONLINE-PRODUCAO               000            
10400011T0100030 20829265510001450000000000000000000001070749108500000000MUNICIPIO DE BRACO DO NORTE                                                                                   00000010270120260000000000                          00   
1040001300001T 460000004910850000000   14999000002929479012929479        270120260000000000653770010000002929479                  092040788826000181VISNORTE VISTORIA VEICULAR LTDA                   000000000000000040301                     
1040001300002U 46000000000000000000000000000000000000000000000000000000000000000000000065377000000000065377000000000000000000000000000000270120262801202600000000000000000000000000000000000000000000000000000000000000000000000000000000       
10400015         00000400000000000000000000000000000000000000000000000000000000000000000000000000000000000000000000                                                                                                                             
10499999         000001000006                                                                                                                                                                                                                   
