10400000         2829265510001450000000000000000000001070749108500000000MUNICIPIO DE BRACO DO NORTE   C ECON FEDERAL                          73001202616203800001704000000                    RET ONLINE-PRODUCAO               000            
10400011T0100030 20829265510001450000000000000000000001070749108500000000MUNICIPIO DE BRACO DO NORTE                                                                                   00000017300120260000000000                          00   
1040001300001T 460000004910850000000   14999000002921205012921205        300120260000000000321607560000002921205                  092086829827001876COOPERATIVA DE CREDITO DE LIVRE ADMISSAO          000000000000000040301                     
1040001300002U 46000000000000000000000000000000000000000000000000000000000000000000000032160000000000032160000000000000000000000000000000300120260202202600000000000000000000000000000000000000000000000000000000000000000000000000000000       
1040001300003T 460000004910850000000   14999000002923698712923698        300120260000000000374507560000002923698                  092086829827001876COOPERATIVA DE CREDITO DE LIVRE ADMISSAO          000000000000000040301                     
1040001300004U 46000000000000000000000000000000000000000000000000000000000000000000000037450000000000037450000000000000000000000000000000300120260202202600000000000000000000000000000000000000000000000000000000000000000000000000000000       
1040001300005T 460000004910850000000   14999000002923716912923716        300120260000000000747800010000002923716                  092002056288000141ASSOCIACAO CAMPESTRE BRACO DO NORTE               000000000000000040301                     
1040001300006U 46000000000000000000000000000000000000000000000000000000000000000000000074780000000000074780000000000000000000000000000000300120260202202600000000000000000000000000000000000000000000000000000000000000000000000000000000       
10400015         00000800000000000000000000000000000000000000000000000000000000000000000000000000000000000000000000                                                                                                                             
10499999         000001000010                                                                                                                                                                                                                   
