10400000         2829265510001450000000000000000000001070749108500000000MUNICIPIO DE BRACO DO NORTE   C ECON FEDERAL                          72401202612503300000304000000                    RET ONLINE-PRODUCAO               000            
10400011T0100030 20829265510001450000000000000000000001070749108500000000MUNICIPIO DE BRACO DO NORTE                                                                                   00000003240120260000000000                          00   
1040001300001T 460000004910850000000   14999000002898162012898162        260120260000000000325000010000002898162                  091000003175439977ALEX MARTINS FARIAS                               000000000000000040301                     
1040001300002U 46000000000000000000000000000000000000000000000000000000000000000000000032500000000000032500000000000000000000000000000000260120262701202600000000000000000000000000000000000000000000000000000000000000000000000000000000       
10400015         00000400000000000000000000000000000000000000000000000000000000000000000000000000000000000000000000                                                                                                                             
10499999         000001000006                                                                                                                                                                                                                   
