10400000         2829265510001450000000000000000000001070749108500000000MUNICIPIO DE BRACO DO NORTE   C ECON FEDERAL                          72601202610511200001304000000                    RET ONLINE-PRODUCAO               000            
10400011T0100030 20829265510001450000000000000000000001070749108500000000MUNICIPIO DE BRACO DO NORTE                                                                                   00000013260120260000000000                          00   
1040001300001T 460000004910850000000   14999000002918917212918917        060320260000000001891381040107002918917                  092010923408000199NANA LOTERICA LTDA                                000000000000000020101                     
1040001300002U 46000000000000000000000000000000000000000000000000000000000000000000000189138000000000189138000000000000000000000000000000260120262701202600000000000000000000000000000000000000000000000000000000000000000000000000000000       
1040001300003T 460000004910850000000   14999000002918922912918922        060320260000000000244221040107002918922                  092010923408000199NANA LOTERICA LTDA                                000000000000000020101                     
1040001300004U 46000000000000000000000000000000000000000000000000000000000000000000000024422000000000024422000000000000000000000000000000260120262701202600000000000000000000000000000000000000000000000000000000000000000000000000000000       
10400015         00000600000000000000000000000000000000000000000000000000000000000000000000000000000000000000000000                                                                                                                             
10499999         000001000008                                                                                                                                                                                                                   
