10400000         2829265510001450000000000000000000001070749108500000000MUNICIPIO DE BRACO DO NORTE   C ECON FEDERAL                          72801202614200800001504000000                    RET ONLINE-PRODUCAO               000            
10400011T0100030 20829265510001450000000000000000000001070749108500000000MUNICIPIO DE BRACO DO NORTE                                                                                   00000015280120260000000000                          00   
1040001300001T 460000004910850000000   14999000002911186612911186        060320260000000003480680010000002911186                  092003777341051151SERVICO SOCIAL DA INDUSTRIA                       000000000000000040301                     
1040001300002U 46000000000000000000000000000000000000000000000000000000000000000000000348068000000000348068000000000000000000000000000000280120262901202600000000000000000000000000000000000000000000000000000000000000000000000000000000       
1040001300003T 460000004910850000000   14999000002911190412911190        060320260000000000488450010000002911190                  092003777341051151SERVICO SOCIAL DA INDUSTRIA                       000000000000000040301                     
1040001300004U 46000000000000000000000000000000000000000000000000000000000000000000000048845000000000048845000000000000000000000000000000280120262901202600000000000000000000000000000000000000000000000000000000000000000000000000000000       
1040001300005T 460000004910850000000   14999000002914655412914655        060320260000000001531500010000002914655                  092003777341052042SERVICO SOCIAL DA INDUSTRIA                       000000000000000040301                     
1040001300006U 46000000000000000000000000000000000000000000000000000000000000000000000153150000000000153150000000000000000000000000000000280120262901202600000000000000000000000000000000000000000000000000000000000000000000000000000000       
1040001300007T 460000004910850000000   14999000002914656212914656        060320260000000000488450010000002914656                  092003777341052042SERVICO SOCIAL DA INDUSTRIA                       000000000000000040301                     
1040001300008U 46000000000000000000000000000000000000000000000000000000000000000000000048845000000000048845000000000000000000000000000000280120262901202600000000000000000000000000000000000000000000000000000000000000000000000000000000       
1040001300009T 460000004910850000000   14999000002920090712920090        280120260000000000257040010000002920090                  092000028986003476ELEVADORES ATLAS SCHINDLER S/A                    000000000000000040301                     
1040001300010U 46000000000000000000000000000000000000000000000000000000000000000000000025704000000000025704000000000000000000000000000000280120262901202600000000000000000000000000000000000000000000000000000000000000000000000000000000       
1040001300011T 460000004910850000000   14999000002922163712922163        060320260000000003202220010000002922163                  092003777341004315SERVICO SOCIAL DA INDUSTRIA                       000000000000000040301                     
1040001300012U 46000000000000000000000000000000000000000000000000000000000000000000000320222000000000320222000000000000000000000000000000280120262901202600000000000000000000000000000000000000000000000000000000000000000000000000000000       
1040001300013T 460000004910850000000   14999000002922164512922164        060320260000000000488450010000002922164                  092003777341004315SERVICO SOCIAL DA INDUSTRIA                       000000000000000040301                     
1040001300014U 46000000000000000000000000000000000000000000000000000000000000000000000048845000000000048845000000000000000000000000000000280120262901202600000000000000000000000000000000000000000000000000000000000000000000000000000000       
1040001300015T 460000004910850000000   14999000002923493312923493        280120260000000000183422600000002923493                  091000008731518958KAIQUE WALTER CUBAN                               000000000000000040301                     
1040001300016U 46000000000000000000000000000000000000000000000000000000000000000000000018342000000000018342000000000000000000000000000000280120262901202600000000000000000000000000000000000000000000000000000000000000000000000000000000       
1040001300017T 460000004910850000000   14999000002929846012929846        270220260000000001664351040107002929846                  091000003119135984VANDERLI SCHUEROFF                                000000000000000020101                     
1040001300018U 46000000000000000000000000000000000000000000000000000000000000000000000166435000000000166435000000000000000000000000000000280120262901202600000000000000000000000000000000000000000000000000000000000000000000000000000000       
1040001300019T 460000004910850000000   14999000002929847812929847        270220260000000001518721040107002929847                  091000091625130953LUIZ AMANCIO                                      000000000000000020101                     
1040001300020U 46000000000000000000000000000000000000000000000000000000000000000000000151872000000000151872000000000000000000000000000000280120262901202600000000000000000000000000000000000000000000000000000000000000000000000000000000       
10400015         00002200000000000000000000000000000000000000000000000000000000000000000000000000000000000000000000                                                                                                                             
10499999         000001000024                                                                                                                                                                                                                   
