10400000         2829265510001450000000000000000000001070749108500000000MUNICIPIO DE BRACO DO NORTE   C ECON FEDERAL                          70202202616502700002604000000                    RET ONLINE-PRODUCAO               000            
10400011T0100030 20829265510001450000000000000000000001070749108500000000MUNICIPIO DE BRACO DO NORTE                                                                                   00000026020220260000000000                          00   
1040001300001T 460000004910850000000   14999000002923836012923836        060320260000000002269661360000002923836                  092053064279000133ANDRINO EMPREENDIMENTOS IMOBILIARIOS LTD          000000000000000040301                     
1040001300002U 46000000000000000000000000000000000000000000000000000000000000000000000226966000000000226966000000000000000000000000000000020220260302202600000000000000000000000000000000000000000000000000000000000000000000000000000000       
1040001300003T 460000004910850000000   14999000002933516012933516        030220260000000001919821040107002933516                  091000073922234968SAVIO CARDOSO SOMBRIO                             000000000000000020101                     
1040001300004U 46000000000000000000000000068600000000000000000000000000000000000000000123382000000000123382000000000000000000000000000000020220260302202600000000000000000000000000000000000000000000000000000000000000000000000000000000       
1040001300005T 460000004910850000000   14999000002933517912933517        030220260000000001185041040107002933517                  091000081252986904LUCIA GAINZSKI VIEIRA SOMBRIO                     000000000000000020101                     
1040001300006U 46000000000000000000000000046519000000000000000000000000000000000000000071985000000000071985000000000000000000000000000000020220260302202600000000000000000000000000000000000000000000000000000000000000000000000000000000       
10400015         00000800000000000000000000000000000000000000000000000000000000000000000000000000000000000000000000                                                                                                                             
10499999         000001000010                                                                                                                                                                                                                   
