10400000         2829265510001450000000000000000000001070749108500000000MUNICIPIO DE BRACO DO NORTE   C ECON FEDERAL                          72701202607075900000104000000                    RET ONLINE-PRODUCAO               000            
10400011T0100030 20829265510001450000000000000000000001070749108500000000MUNICIPIO DE BRACO DO NORTE                                                                                   00000001270120260000000000                          00   
1040001300001T 460000004910850000000   14999000002906107912906107        060320260000000000998290330000002906107                  092037039650000150MARIA GABRIELLA WIGGERS 08194061989               000000000000000040301                     
1040001300002U 46000000000000000000000000000000000000000000000000000000000000000000000099829000000000099829000000000000000000000000000000270120262801202600000000000000000000000000000000000000000000000000000000000000000000000000000000       
1040001300003T 460000004910850000000   14999000002929480412929480        270120260000000000651340010000002929480                  092040788826000181VISNORTE VISTORIA VEICULAR LTDA                   000000000000000040301                     
1040001300004U 46000000000000000000000000000000000000000000000000000000000000000000000065134000000000065134000000000000000000000000000000260120262701202600000000000000000000000000000000000000000000000000000000000000000000000000000000       
10400015         00000600000000000000000000000000000000000000000000000000000000000000000000000000000000000000000000                                                                                                                             
10499999         000001000008                                                                                                                                                                                                                   
