10400000         2829265510001450000000000000000000001070749108500000000MUNICIPIO DE BRACO DO NORTE   C ECON FEDERAL                          72601202608354800000604000000                    RET ONLINE-PRODUCAO               000            
10400011T0100030 20829265510001450000000000000000000001070749108500000000MUNICIPIO DE BRACO DO NORTE                                                                                   00000006260120260000000000                          00   
1040001300001T 460000004910850000000   14999000002904275912904275        230220260000000000524617560000002904275                  091000087090279987FERENA NIEHUES OENNING                            000000000000000040301                     
1040001300002U 46000000000000000000000000013348000000000000000000000000000000000000000039113000000000039113000000000000000000000000000000260120262701202600000000000000000000000000000000000000000000000000000000000000000000000000000000       
1040001300003T 460000004910850000000   14999000002904276712904276        230320260000000000529817560000002904276                  091000087090279987FERENA NIEHUES OENNING                            000000000000000040301                     
1040001300004U 46000000000000000000000000013352000000000000000000000000000000000000000039629000000000039629000000000000000000000000000000260120262701202600000000000000000000000000000000000000000000000000000000000000000000000000000000       
1040001300005T 460000004910850000000   14999000002905118912905118        270120260000000000158962600000002905118                  092039508447000101KAUAN LUCKTENBERG BUSS LTDA                       000000000000000040301                     
1040001300006U 46000000000000000000000000000000000000000000000000000000000000000000000015896000000000015896000000000000000000000000000000260120262701202600000000000000000000000000000000000000000000000000000000000000000000000000000000       
10400015         00000800000000000000000000000000000000000000000000000000000000000000000000000000000000000000000000                                                                                                                             
10499999         000001000010                                                                                                                                                                                                                   
