10400000         2829265510001450000000000000000000001070749108500000000MUNICIPIO DE BRACO DO NORTE   C ECON FEDERAL                          70202202619060200003404000000                    RET ONLINE-PRODUCAO               000            
10400011T0100030 20829265510001450000000000000000000001070749108500000000MUNICIPIO DE BRACO DO NORTE                                                                                   00000034020220260000000000                          00   
1040001300001T 460000004910850000000   14999000002873126712873126        020220260000000000222935090000002873126                  091000002436109982FABIO MIGUEL DA SILVA                             000000000000000040301                     
1040001300002U 46000000000000000000000000000000000000000000000000000000000000000000000022293000000000022293000000000000000000000000000000020220260302202600000000000000000000000000000000000000000000000000000000000000000000000000000000       
1040001300003T 460000004910850000000   14999000002930075812930075        280220260000000001068617560000002930075                  091000003760554997ANDERSON DELFIM DE OLIVEIRA                       000000000000000040101                     
1040001300004U 46000000000000000000000000000000000000000000000000000000000000000000000106861000000000106861000000000000000000000000000000020220260302202600000000000000000000000000000000000000000000000000000000000000000000000000000000       
10400015         00000600000000000000000000000000000000000000000000000000000000000000000000000000000000000000000000                                                                                                                             
10499999         000001000008                                                                                                                                                                                                                   
