10400000         2829265510001450000000000000000000001070749108500000000MUNICIPIO DE BRACO DO NORTE   C ECON FEDERAL                          72701202614361800001604000000                    RET ONLINE-PRODUCAO               000            
10400011T0100030 20829265510001450000000000000000000001070749108500000000MUNICIPIO DE BRACO DO NORTE                                                                                   00000016270120260000000000                          00   
1040001300001T 460000004910850000000   14999000002923250712923250        270120260000000000556641040107002923250                  092047664828000108SERRARIA LITORAL CATARINENSE LTDA                 000000000000000020101                     
1040001300002U 46000000000000000000000000000000000000000000000000000000000000000000000055664000000000055664000000000000000000000000000000270120262801202600000000000000000000000000000000000000000000000000000000000000000000000000000000       
10400015         00000400000000000000000000000000000000000000000000000000000000000000000000000000000000000000000000                                                                                                                             
10499999         000001000006                                                                                                                                                                                                                   
