10400000         2829265510001450000000000000000000001070749108500000000MUNICIPIO DE BRACO DO NORTE   C ECON FEDERAL                          72901202615501900001804000000                    RET ONLINE-PRODUCAO               000            
10400011T0100030 20829265510001450000000000000000000001070749108500000000MUNICIPIO DE BRACO DO NORTE                                                                                   00000018290120260000000000                          00   
1040001300001T 460000004910850000000   14999000002923580812923580        290120260000000000014007560000002923580                  092042405383000128LOTEAMENTO MORADA DO BOSQUE LTDA                  000000000000000040301                     
1040001300002U 46000000000000000000000000000000000000000000000000000000000000000000000001400000000000001400000000000000000000000000000000290120263001202600000000000000000000000000000000000000000000000000000000000000000000000000000000       
1040001300003T 460000004910850000000   14999000002923659612923659        290120260000000000112733410000002923659                  092014059210000160CENTRAL DAS PECAS LTDA                            000000000000000040301                     
1040001300004U 46000000000000000000000000000000000000000000000000000000000000000000000011273000000000011273000000000000000000000000000000290120263001202600000000000000000000000000000000000000000000000000000000000000000000000000000000       
1040001300005T 460000004910850000000   14999000002923660012923660        290120260000000000149853410000002923660                  092014059210000160CENTRAL DAS PECAS LTDA                            000000000000000040301                     
1040001300006U 46000000000000000000000000000000000000000000000000000000000000000000000014985000000000014985000000000000000000000000000000290120263001202600000000000000000000000000000000000000000000000000000000000000000000000000000000       
10400015         00000800000000000000000000000000000000000000000000000000000000000000000000000000000000000000000000                                                                                                                             
10499999         000001000010                                                                                                                                                                                                                   
