10400000         2829265510001450000000000000000000001070749108500000000MUNICIPIO DE BRACO DO NORTE   C ECON FEDERAL                          72901202611203600000904000000                    RET ONLINE-PRODUCAO               000            
10400011T0100030 20829265510001450000000000000000000001070749108500000000MUNICIPIO DE BRACO DO NORTE                                                                                   00000009290120260000000000                          00   
1040001300001T 460000004910850000000   14999000002923578612923578        290120260000000000018217560000002923578                  092062538529000110MWM ADMINISTRADORA DE IMOVEIS LTDA                000000000000000040301                     
1040001300002U 46000000000000000000000000000000000000000000000000000000000000000000000001821000000000001821000000000000000000000000000000290120263001202600000000000000000000000000000000000000000000000000000000000000000000000000000000       
1040001300003T 460000004910850000000   14999000002923579412923579        290120260000000000341757560000002923579                  092062538529000110MWM ADMINISTRADORA DE IMOVEIS LTDA                000000000000000040301                     
1040001300004U 46000000000000000000000000000000000000000000000000000000000000000000000034175000000000034175000000000000000000000000000000290120263001202600000000000000000000000000000000000000000000000000000000000000000000000000000000       
10400015         00000600000000000000000000000000000000000000000000000000000000000000000000000000000000000000000000                                                                                                                             
10499999         000001000008                                                                                                                                                                                                                   
