10400000         2829265510001450000000000000000000001070749108500000000MUNICIPIO DE BRACO DO NORTE   C ECON FEDERAL                          73001202618202200002404000000                    RET ONLINE-PRODUCAO               000            
10400011T0100030 20829265510001450000000000000000000001070749108500000000MUNICIPIO DE BRACO DO NORTE                                                                                   00000024300120260000000000                          00   
1040001300001T 460000004910850000000   14999000002915333012915333        230220260000000000369187560000002915333                  091000037796879920ESPOLIO DE ANIZIO TRAMONTIM                       000000000000000040301                     
1040001300002U 46000000000000000000000000008227000000000000000000000000000000000000000028691000000000028691000000000000000000000000000000300120260202202600000000000000000000000000000000000000000000000000000000000000000000000000000000       
1040001300003T 460000004910850000000   14999000002915357712915357        230220260000000001060147560000002915357                  091000037796879920ESPOLIO DE ANIZIO TRAMONTIM                       000000000000000040301                     
1040001300004U 46000000000000000000000000023154000000000000000000000000000000000000000082860000000000082860000000000000000000000000000000300120260202202600000000000000000000000000000000000000000000000000000000000000000000000000000000       
1040001300005T 460000004910850000000   14999000002929500212929500        260420260000000016117232370000002929500                  092041460321000156DSM COMERCIO ONLINE LTDA                          000000000000000040301                     
1040001300006U 46000000000000000000000000000000000000000000000000000000000000000000001611723000000001611723000000000000000000000000000000300120260202202600000000000000000000000000000000000000000000000000000000000000000000000000000000       
10400015         00000800000000000000000000000000000000000000000000000000000000000000000000000000000000000000000000                                                                                                                             
10499999         000001000010                                                                                                                                                                                                                   
