10400000         2829265510001450000000000000000000001070749108500000000MUNICIPIO DE BRACO DO NORTE   C ECON FEDERAL                          72901202618061000002104000000                    RET ONLINE-PRODUCAO               000            
10400011T0100030 20829265510001450000000000000000000001070749108500000000MUNICIPIO DE BRACO DO NORTE                                                                                   00000021290120260000000000                          00   
1040001300001T 460000004910850000000   14999000002923676612923676        290120260000000001267700010000002923676                  091000013506196987ESPOLIO DE JOSE GESSER                            000000000000000040301                     
1040001300002U 46000000000000000000000000000000000000000000000000000000000000000000000126770000000000126770000000000000000000000000000000290120263001202600000000000000000000000000000000000000000000000000000000000000000000000000000000       
1040001300003T 460000004910850000000   14999000002929778112929778        270420260000000003717232600000002929778                  091000005420693933FERNANDA TENFEN RODRIGUES                         000000000000000040301                     
1040001300004U 46000000000000000000000000000000000000000000000000000000000000000000000371723000000000371723000000000000000000000000000000290120263001202600000000000000000000000000000000000000000000000000000000000000000000000000000000       
10400015         00000600000000000000000000000000000000000000000000000000000000000000000000000000000000000000000000                                                                                                                             
10499999         000001000008                                                                                                                                                                                                                   
