10400000         2829265510001450000000000000000000001070749108500000000MUNICIPIO DE BRACO DO NORTE   C ECON FEDERAL                          72701202614503900001704000000                    RET ONLINE-PRODUCAO               000            
10400011T0100030 20829265510001450000000000000000000001070749108500000000MUNICIPIO DE BRACO DO NORTE                                                                                   00000017270120260000000000                          00   
1040001300001T 460000004910850000000   14999000002923256612923256        270120260000000000242567560000002923256                  09200879628500012008.796.285 MADILON PREVE DA SILVA                 000000000000000040301                     
1040001300002U 46000000000000000000000000000000000000000000000000000000000000000000000024256000000000024256000000000000000000000000000000270120262801202600000000000000000000000000000000000000000000000000000000000000000000000000000000       
1040001300003T 460000004910850000000   14999000002929649112929649        300120260000000000023867480000002929649                  091000007574795967LENOIR HEIDEMANN                                  000000000000000040301                     
1040001300004U 46000000000000000000000000000000000000000000000000000000000000000000000002386000000000002386000000000000000000000000000000270120262801202600000000000000000000000000000000000000000000000000000000000000000000000000000000       
1040001300005T 460000004910850000000   14999000002929650512929650        270120260000000000102600010000002929650                  091000004930927900JOICE DE MELO ROHLING                             000000000000000040301                     
1040001300006U 46000000000000000000000000000000000000000000000000000000000000000000000010260000000000010260000000000000000000000000000000270120262801202600000000000000000000000000000000000000000000000000000000000000000000000000000000       
10400015         00000800000000000000000000000000000000000000000000000000000000000000000000000000000000000000000000                                                                                                                             
10499999         000001000010                                                                                                                                                                                                                   
