10400000         2829265510001450000000000000000000001070749108500000000MUNICIPIO DE BRACO DO NORTE   C ECON FEDERAL                          72701202616055600002004000000                    RET ONLINE-PRODUCAO               000            
10400011T0100030 20829265510001450000000000000000000001070749108500000000MUNICIPIO DE BRACO DO NORTE                                                                                   00000020270120260000000000                          00   
1040001300001T 460000004910850000000   14999000002905422612905422        280120260000000000329611040107002905422                  091000050612751953SOLANGE MARI PHILIPPI CASAGRANDE                  000000000000000610300                     
1040001300002U 46000000000000000000000000008734000000000000000000000000000000000000000024227000000000024227000000000000000000000000000000270120262701202600000000000000000000000000000000000000000000000000000000000000000000000000000000       
10400015         00000400000000000000000000000000000000000000000000000000000000000000000000000000000000000000000000                                                                                                                             
10499999         000001000006                                                                                                                                                                                                                   
