10400000         2829265510001450000000000000000000001070749108500000000MUNICIPIO DE BRACO DO NORTE   C ECON FEDERAL                          70202202620353600003604000000                    RET ONLINE-PRODUCAO               000            
10400011T0100030 20829265510001450000000000000000000001070749108500000000MUNICIPIO DE BRACO DO NORTE                                                                                   00000036020220260000000000                          00   
1040001300001T 460000004910850000000   14999000002922642612922642        050220260000000000184922370107002922642                  091000091576709949ACEMIR BACK                                       000000000000000620300                     
1040001300002U 46000000000000000000000000004578000000000000000000000000000000000000000013914000000000013914000000000000000000000000000000020220260202202600000000000000000000000000000000000000000000000000000000000000000000000000000000       
1040001300003T 460000004910850000000   14999000002933664712933664        030520260000000003684871040107002933664                  091000007376734945JULIANO TEIXEIRA                                  000000000000000620300                     
1040001300004U 46000000000000000000000000000000000000000000000000000000000000000000000368487000000000368487000000000000000000000000000000020220260202202600000000000000000000000000000000000000000000000000000000000000000000000000000000       
1040001300005T 460000004910850000000   14999000002933665512933665        030520260000000000744681040107002933665                  091000007376734945JULIANO TEIXEIRA                                  000000000000000620300                     
1040001300006U 46000000000000000000000000000000000000000000000000000000000000000000000074468000000000074468000000000000000000000000000000020220260202202600000000000000000000000000000000000000000000000000000000000000000000000000000000       
10400015         00000800000000000000000000000000000000000000000000000000000000000000000000000000000000000000000000                                                                                                                             
10499999         000001000010                                                                                                                                                                                                                   
