10400000         2829265510001450000000000000000000001070749108500000000MUNICIPIO DE BRACO DO NORTE   C ECON FEDERAL                          70202202614210400001704000000                    RET ONLINE-PRODUCAO               000            
10400011T0100030 20829265510001450000000000000000000001070749108500000000MUNICIPIO DE BRACO DO NORTE                                                                                   00000017020220260000000000                          00   
1040001300001T 460000004910850000000   14999000002930442712930442        280220260000000002017937560000002930442                  091000049866800997ESPOLIO DE TRINDADE PEREIRA DE SOUZA              000000000000000040301                     
1040001300002U 46000000000000000000000000000000000000000000000000000000000000000000000201793000000000201793000000000000000000000000000000020220260302202600000000000000000000000000000000000000000000000000000000000000000000000000000000       
1040001300003T 460000004910850000000   14999000002931797912931797        020320260000000000077531040107002931797                  091000001753322901ROSELI GOMES                                      000000000000000610300                     
1040001300004U 46000000000000000000000000000000000000000000000000000000000000000000000007753000000000007753000000000000000000000000000000020220260202202600000000000000000000000000000000000000000000000000000000000000000000000000000000       
10400015         00000600000000000000000000000000000000000000000000000000000000000000000000000000000000000000000000                                                                                                                             
10499999         000001000008                                                                                                                                                                                                                   
