10400000         2829265510001450000000000000000000001070749108500000000MUNICIPIO DE BRACO DO NORTE   C ECON FEDERAL                          72601202617053600003504000000                    RET ONLINE-PRODUCAO               000            
10400011T0100030 20829265510001450000000000000000000001070749108500000000MUNICIPIO DE BRACO DO NORTE                                                                                   00000035260120260000000000                          00   
1040001300001T 460000004910850000000   14999000002910022812910022        260120260000000000372051040107002910022                  092080145170000101MADEREIRA HEIDEMANN LTDA                          000000000000000620300                     
1040001300002U 46000000000000000000000000008019000000000000000000000000000000000000000029186000000000029186000000000000000000000000000000260120262601202600000000000000000000000000000000000000000000000000000000000000000000000000000000       
1040001300003T 460000004910850000000   14999000002916089112916089        260120260000000000763381040107002916089                  091000022475419920LUIZ HEIDEMANN                                    000000000000000620300                     
1040001300004U 46000000000000000000000000022915000000000000000000000000000000000000000053423000000000053423000000000000000000000000000000260120262601202600000000000000000000000000000000000000000000000000000000000000000000000000000000       
1040001300005T 460000004910850000000   14999000002918184812918184        260120260000000000816381040107002918184                  091000007055528968JOSE MANOEL DA SILVA                              000000000000000020101                     
1040001300006U 46000000000000000000000000041530000000000000000000000000000000000000000040108000000000040108000000000000000000000000000000260120262701202600000000000000000000000000000000000000000000000000000000000000000000000000000000       
1040001300007T 460000004910850000000   14999000002923035012923035        260120260000000001625471360000002923035                  092047661775000171HELIMOTORS ADVENTURE PARK LTDA                    000000000000000040301                     
1040001300008U 46000000000000000000000000000000000000000000000000000000000000000000000162547000000000162547000000000000000000000000000000260120262701202600000000000000000000000000000000000000000000000000000000000000000000000000000000       
1040001300009T 460000004910850000000   14999000002923036912923036        260120260000000000045487480000002923036                  092039506642000100VAI LOCAR LOCADORA DE VEICULOS LTDA               000000000000000040301                     
1040001300010U 46000000000000000000000000000000000000000000000000000000000000000000000004548000000000004548000000000000000000000000000000260120262701202600000000000000000000000000000000000000000000000000000000000000000000000000000000       
1040001300011T 460000004910850000000   14999000002929288712929288        260120260000000001586310330107002929288                  091000090689968949EDESIO RODRIGUES NAZARIO                          000000000000000620300                     
1040001300012U 46000000000000000000000000069747000000000000000000000000000000000000000088884000000000088884000000000000000000000000000000260120262601202600000000000000000000000000000000000000000000000000000000000000000000000000000000       
1040001300013T 460000004910850000000   14999000002929499512929499        260220260000000003064627560000002929499                  091000003858331996MARISA OENNING                                    000000000000000040301                     
1040001300014U 46000000000000000000000000000000000000000000000000000000000000000000000306462000000000306462000000000000000000000000000000260120262701202600000000000000000000000000000000000000000000000000000000000000000000000000000000       
1040001300015T 460000004910850000000   14999000002929501012929501        300120260000000000603117560000002929501                  091000008699851910MICHELLE FLORENCIO MARCILIO                       000000000000000040301                     
1040001300016U 46000000000000000000000000000000000000000000000000000000000000000000000060311000000000060311000000000000000000000000000000260120262701202600000000000000000000000000000000000000000000000000000000000000000000000000000000       
10400015         00001800000000000000000000000000000000000000000000000000000000000000000000000000000000000000000000                                                                                                                             
10499999         000001000020                                                                                                                                                                                                                   
