10400000         2829265510001450000000000000000000001070749108500000000MUNICIPIO DE BRACO DO NORTE   C ECON FEDERAL                          72601202613205100002304000000                    RET ONLINE-PRODUCAO               000            
10400011T0100030 20829265510001450000000000000000000001070749108500000000MUNICIPIO DE BRACO DO NORTE                                                                                   00000023260120260000000000                          00   
1040001300001T 460000004910850000000   14999000002904991512904991        260120260000000000295467560000002904991                  092023160499000108DECOR CORTINAS E PERSIANAS LTDA                   000000000000000040301                     
1040001300002U 46000000000000000000000000000000000000000000000000000000000000000000000029546000000000029546000000000000000000000000000000260120262701202600000000000000000000000000000000000000000000000000000000000000000000000000000000       
10400015         00000400000000000000000000000000000000000000000000000000000000000000000000000000000000000000000000                                                                                                                             
10499999         000001000006                                                                                                                                                                                                                   
