10400000         2829265510001450000000000000000000001070749108500000000MUNICIPIO DE BRACO DO NORTE   C ECON FEDERAL                          72701202610360300000704000000                    RET ONLINE-PRODUCAO               000            
10400011T0100030 20829265510001450000000000000000000001070749108500000000MUNICIPIO DE BRACO DO NORTE                                                                                   00000007270120260000000000                          00   
1040001300001T 460000004910850000000   14999000002923037712923037        060320260000000001543861040107002923037                  092012112427000160COLTRANS COLETA E TRANSPORTE DE RESIDUOS          000000000000000060301                     
1040001300002U 46000000000000000000000000000000000000000000000000000000000000000000000154386000000000154386000000000000000000000000000000270120262801202600000000000000000000000000000000000000000000000000000000000000000000000000000000       
1040001300003T 460000004910850000000   14999000002923038512923038        060320260000000000942001040107002923038                  092012112427000160COLTRANS COLETA E TRANSPORTE DE RESIDUOS          000000000000000060301                     
1040001300004U 46000000000000000000000000000000000000000000000000000000000000000000000094200000000000094200000000000000000000000000000000270120262801202600000000000000000000000000000000000000000000000000000000000000000000000000000000       
1040001300005T 460000004910850000000   14999000002924833012924833        300120260000000000854041040107002924833                  092033598537000154ROTA COMERCIO DE AUTOMOVEIS LTDA                  000000000000000620300                     
1040001300006U 46000000000000000000000000032680000000000000000000000000000000000000000052724000000000052724000000000000000000000000000000270120262701202600000000000000000000000000000000000000000000000000000000000000000000000000000000       
1040001300007T 460000004910850000000   14999000002928940112928940        230420260000000003215231040107002928940                  091000006443561899ADELMO MATOS                                      000000000000000020101                     
1040001300008U 46000000000000000000000000000000000000000000000000000000000000000000000321523000000000321523000000000000000000000000000000270120262801202600000000000000000000000000000000000000000000000000000000000000000000000000000000       
10400015         00001000000000000000000000000000000000000000000000000000000000000000000000000000000000000000000000                                                                                                                             
10499999         000001000012                                                                                                                                                                                                                   
