10400000         2829265510001450000000000000000000001070749108500000000MUNICIPIO DE BRACO DO NORTE   C ECON FEDERAL                          70202202613363900001404000000                    RET ONLINE-PRODUCAO               000            
10400011T0100030 20829265510001450000000000000000000001070749108500000000MUNICIPIO DE BRACO DO NORTE                                                                                   00000014020220260000000000                          00   
1040001300001T 460000004910850000000   14999000002916762412916762        260220260000000000661701040107002916762                  091000098740849953TERESA CRISTINA PEREIRA                           000000000000000620300                     
1040001300002U 46000000000000000000000000013131000000000000000000000000000000000000000053039000000000053039000000000000000000000000000000020220260202202600000000000000000000000000000000000000000000000000000000000000000000000000000000       
1040001300003T 460000004910850000000   14999000002930844912930844        020220260000000001170301040107002930844                  091000034232877991PAULO JOAO MACHADO                                000000000000000620300                     
1040001300004U 46000000000000000000000000029226000000000000000000000000000000000000000087804000000000087804000000000000000000000000000000020220260202202600000000000000000000000000000000000000000000000000000000000000000000000000000000       
10400015         00000600000000000000000000000000000000000000000000000000000000000000000000000000000000000000000000                                                                                                                             
10499999         000001000008                                                                                                                                                                                                                   
