10400000         2829265510001450000000000000000000001070749108500000000MUNICIPIO DE BRACO DO NORTE   C ECON FEDERAL                          73001202615360400001404000000                    RET ONLINE-PRODUCAO               000            
10400011T0100030 20829265510001450000000000000000000001070749108500000000MUNICIPIO DE BRACO DO NORTE                                                                                   00000014300120260000000000                          00   
1040001300001T 460000004910850000000   14999000002901751712901751        100220260000000000143231040385002901751                  091000034298258904MARCOS NECKER                                     000000000000000060301                     
1040001300002U 46000000000000000000000000000000000000000000000000000000000000000000000014323000000000014323000000000000000000000000000000300120260202202600000000000000000000000000000000000000000000000000000000000000000000000000000000       
1040001300003T 460000004910850000000   14999000002929073612929073        300120260000000000138097560000002929073                  092046208477000168BODEGA VIEIRA 03 LTDA                             000000000000000040301                     
1040001300004U 46000000000000000000000000000000000000000000000000000000000000000000000013809000000000013809000000000000000000000000000000300120260202202600000000000000000000000000000000000000000000000000000000000000000000000000000000       
10400015         00000600000000000000000000000000000000000000000000000000000000000000000000000000000000000000000000                                                                                                                             
10499999         000001000008                                                                                                                                                                                                                   
