10400000         2829265510001450000000000000000000001070749108500000000MUNICIPIO DE BRACO DO NORTE   C ECON FEDERAL                          70202202619353500003504000000                    RET ONLINE-PRODUCAO               000            
10400011T0100030 20829265510001450000000000000000000001070749108500000000MUNICIPIO DE BRACO DO NORTE                                                                                   00000035020220260000000000                          00   
1040001300001T 460000004910850000000   14999000002910961612910961        020220260000000000631437560000002910961                  092051110891000170J.C DISTRIBUIDORA DE ALIMENTOS LTDA.              000000000000000040301                     
1040001300002U 46000000000000000000000000017775000000000000000000000000000000000000000045368000000000045368000000000000000000000000000000020220260302202600000000000000000000000000000000000000000000000000000000000000000000000000000000       
1040001300003T 460000004910850000000   14999000002925856512925856        310120260000000013765557560000002925856                  092025013682000106GAIDZINSKI TELHAS LTDA                            000000000000000040301                     
1040001300004U 46000000000000000000000000000000000000000000000000000000000000000000001376555000000001376555000000000000000000000000000000020220260302202600000000000000000000000000000000000000000000000000000000000000000000000000000000       
10400015         00000600000000000000000000000000000000000000000000000000000000000000000000000000000000000000000000                                                                                                                             
10499999         000001000008                                                                                                                                                                                                                   
