10400000         2829265510001450000000000000000000001070749108500000000MUNICIPIO DE BRACO DO NORTE   C ECON FEDERAL                          73001202614362500001204000000                    RET ONLINE-PRODUCAO               000            
10400011T0100030 20829265510001450000000000000000000001070749108500000000MUNICIPIO DE BRACO DO NORTE                                                                                   00000012300120260000000000                          00   
1040001300001T 460000004910850000000   14999000002930612812930612        060220260000000000229421040107002930612                  091000034233156953ESPOLIO DE BENICIO EFFTING                        000000000000000610300                     
1040001300002U 46000000000000000000000000000000000000000000000000000000000000000000000022942000000000022942000000000000000000000000000000300120263001202600000000000000000000000000000000000000000000000000000000000000000000000000000000       
10400015         00000400000000000000000000000000000000000000000000000000000000000000000000000000000000000000000000                                                                                                                             
10499999         000001000006                                                                                                                                                                                                                   
