10400000         2829265510001450000000000000000000001070749108500000000MUNICIPIO DE BRACO DO NORTE   C ECON FEDERAL                          72901202609504400000404000000                    RET ONLINE-PRODUCAO               000            
10400011T0100030 20829265510001450000000000000000000001070749108500000000MUNICIPIO DE BRACO DO NORTE                                                                                   00000004290120260000000000                          00   
1040001300001T 460000004910850000000   14999000002929848612929848        280420260000000001665231040107002929848                  091000000936452013DOUGLAS DE SOUZA                                  000000000000000620300                     
1040001300002U 46000000000000000000000000000000000000000000000000000000000000000000000166523000000000166523000000000000000000000000000000290120262901202600000000000000000000000000000000000000000000000000000000000000000000000000000000       
1040001300003T 460000004910850000000   14999000002929875312929875        290120260000000000935961040107002929875                  091000080013554972BERNARDINA BATISTA MATES                          000000000000000060301                     
1040001300004U 46000000000000000000000000027503000000000000000000000000000000000000000066093000000000066093000000000000000000000000000000290120263001202600000000000000000000000000000000000000000000000000000000000000000000000000000000       
10400015         00000600000000000000000000000000000000000000000000000000000000000000000000000000000000000000000000                                                                                                                             
10499999         000001000008                                                                                                                                                                                                                   
