10400000         2829265510001450000000000000000000001070749108500000000MUNICIPIO DE BRACO DO NORTE   C ECON FEDERAL                          72801202616202100002104000000                    RET ONLINE-PRODUCAO               000            
10400011T0100030 20829265510001450000000000000000000001070749108500000000MUNICIPIO DE BRACO DO NORTE                                                                                   00000021280120260000000000                          00   
1040001300001T 460000004910850000000   14999000002904316012904316        060320260000000001738867560000002904316                  092003839524000169RADIO NOVO SECULO LTDA                            000000000000000040301                     
1040001300002U 46000000000000000000000000000000000000000000000000000000000000000000000173886000000000173886000000000000000000000000000000280120262901202600000000000000000000000000000000000000000000000000000000000000000000000000000000       
10400015         00000400000000000000000000000000000000000000000000000000000000000000000000000000000000000000000000                                                                                                                             
10499999         000001000006                                                                                                                                                                                                                   
