10400000         2829265510001450000000000000000000001070749108500000000MUNICIPIO DE BRACO DO NORTE   C ECON FEDERAL                          72601202611362700001604000000                    RET ONLINE-PRODUCAO               000            
10400011T0100030 20829265510001450000000000000000000001070749108500000000MUNICIPIO DE BRACO DO NORTE                                                                                   00000016260120260000000000                          00   
1040001300001T 460000004910850000000   14999000002825292012825292        250120260000000000945010010000002825292                  092007983903000189BIPACK - INDUSTRIAL DE EMBALAGENS LTDA            000000000000000040301                     
1040001300002U 46000000000000000000000000000000000000000000000000000000000000000000000094501000000000094501000000000000000000000000000000260120262701202600000000000000000000000000000000000000000000000000000000000000000000000000000000       
1040001300003T 460000004910850000000   14999000002929051512929051        300120260000000000121497560000002929051                  092049054272000163AESC SECURITIZADORA SA                            000000000000000040301                     
1040001300004U 46000000000000000000000000000000000000000000000000000000000000000000000012149000000000012149000000000000000000000000000000260120262701202600000000000000000000000000000000000000000000000000000000000000000000000000000000       
10400015         00000600000000000000000000000000000000000000000000000000000000000000000000000000000000000000000000                                                                                                                             
10499999         000001000008                                                                                                                                                                                                                   
