10400000         2829265510001450000000000000000000001070749108500000000MUNICIPIO DE BRACO DO NORTE   C ECON FEDERAL                          70202202607204000000804000000                    RET ONLINE-PRODUCAO               000            
10400011T0100030 20829265510001450000000000000000000001070749108500000000MUNICIPIO DE BRACO DO NORTE                                                                                   00000008020220260000000000                          00   
1040001300001T 460000004910850000000   14999000002899958812899958        020220260000000000211051040107002899958                  091000083446966900FERNANDO VOLPATO DA SILVA                         000000000000000060301                     
1040001300002U 46000000000000000000000000006552000000000000000000000000000000000000000014553000000000014553000000000000000000000000000000020220260302202600000000000000000000000000000000000000000000000000000000000000000000000000000000       
10400015         00000400000000000000000000000000000000000000000000000000000000000000000000000000000000000000000000                                                                                                                             
10499999         000001000006                                                                                                                                                                                                                   
