10400000         2829265510001450000000000000000000001070749108500000000MUNICIPIO DE BRACO DO NORTE   C ECON FEDERAL                          72801202611060100000904000000                    RET ONLINE-PRODUCAO               000            
10400011T0100030 20829265510001450000000000000000000001070749108500000000MUNICIPIO DE BRACO DO NORTE                                                                                   00000009280120260000000000                          00   
1040001300001T 460000004910850000000   14999000002922892512922892        060320260000000000244221040107002922892                  092000360305107090CAIXA ECONOMICA FEDERAL                           000000000000000030101                     
1040001300002U 46000000000000000000000000000000000000000000000000000000000000000000000024422000000000024422000000000000000000000000000000280120262901202600000000000000000000000000000000000000000000000000000000000000000000000000000000       
1040001300003T 460000004910850000000   14999000002922893312922893        060320260000000017071091040107002922893                  092000360305107090CAIXA ECONOMICA FEDERAL                           000000000000000030101                     
1040001300004U 46000000000000000000000000000000000000000000000000000000000000000000001707109000000001707109000000000000000000000000000000280120262901202600000000000000000000000000000000000000000000000000000000000000000000000000000000       
10400015         00000600000000000000000000000000000000000000000000000000000000000000000000000000000000000000000000                                                                                                                             
10499999         000001000008                                                                                                                                                                                                                   
