10400000         2829265510001450000000000000000000001070749108500000000MUNICIPIO DE BRACO DO NORTE   C ECON FEDERAL                          72601202618360500004104000000                    RET ONLINE-PRODUCAO               000            
10400011T0100030 20829265510001450000000000000000000001070749108500000000MUNICIPIO DE BRACO DO NORTE                                                                                   00000041260120260000000000                          00   
1040001300001T 460000004910850000000   14999000002916431512916431        260120260000000000540152370000002916431                  091000096658401934EDSON PEDRO ECKHARDT                              000000000000000040101                     
1040001300002U 46000000000000000000000000021282000000000000000000000000000000000000000032733000000000032733000000000000000000000000000000260120262701202600000000000000000000000000000000000000000000000000000000000000000000000000000000       
1040001300003T 460000004910850000000   14999000002920427912920427        050220260000000001736492600000002920427                  091000010319620930JOAO LEONATO MEDEIROS                             000000000000000040301                     
1040001300004U 46000000000000000000000000000000000000000000000000000000000000000000000173649000000000173649000000000000000000000000000000260120262701202600000000000000000000000000000000000000000000000000000000000000000000000000000000       
10400015         00000600000000000000000000000000000000000000000000000000000000000000000000000000000000000000000000                                                                                                                             
10499999         000001000008                                                                                                                                                                                                                   
