10400000         2829265510001450000000000000000000001070749108500000000MUNICIPIO DE BRACO DO NORTE   C ECON FEDERAL                          72801202621050400003004000000                    RET ONLINE-PRODUCAO               000            
10400011T0100030 20829265510001450000000000000000000001070749108500000000MUNICIPIO DE BRACO DO NORTE                                                                                   00000030280120260000000000                          00   
1040001300001T 460000004910850000000   14999000002929771412929771        280120260000000000232811040107002929771                  092000553847000101TWENS COMERCIO DE CONFECCOES LTDA ME              000000000000000060301                     
1040001300002U 46000000000000000000000000005004000000000000000000000000000000000000000018277000000000018277000000000000000000000000000000280120262901202600000000000000000000000000000000000000000000000000000000000000000000000000000000       
10400015         00000400000000000000000000000000000000000000000000000000000000000000000000000000000000000000000000                                                                                                                             
10499999         000001000006                                                                                                                                                                                                                   
