10400000         2829265510001450000000000000000000001070749108500000000MUNICIPIO DE BRACO DO NORTE   C ECON FEDERAL                          72601202611505100001704000000                    RET ONLINE-PRODUCAO               000            
10400011T0100030 20829265510001450000000000000000000001070749108500000000MUNICIPIO DE BRACO DO NORTE                                                                                   00000017260120260000000000                          00   
1040001300001T 460000004910850000000   14999000002928826012928826        220420260000000006849590010000002928826                  091000001987662970ZILCA PERPETUA FILETI DE SOUSA                    000000000000000040101                     
1040001300002U 46000000000000000000000000000000000000000000000000000000000000000000000684959000000000684959000000000000000000000000000000260120262701202600000000000000000000000000000000000000000000000000000000000000000000000000000000       
1040001300003T 460000004910850000000   14999000002928827812928827        220420260000000000517230010000002928827                  091000001987662970ZILCA PERPETUA FILETI DE SOUSA                    000000000000000040101                     
1040001300004U 46000000000000000000000000000000000000000000000000000000000000000000000051723000000000051723000000000000000000000000000000260120262701202600000000000000000000000000000000000000000000000000000000000000000000000000000000       
10400015         00000600000000000000000000000000000000000000000000000000000000000000000000000000000000000000000000                                                                                                                             
10499999         000001000008                                                                                                                                                                                                                   
