10400000         2829265510001450000000000000000000001070749108500000000MUNICIPIO DE BRACO DO NORTE   C ECON FEDERAL                          72701202614204900001504000000                    RET ONLINE-PRODUCAO               000            
10400011T0100030 20829265510001450000000000000000000001070749108500000000MUNICIPIO DE BRACO DO NORTE                                                                                   00000015270120260000000000                          00   
1040001300001T 460000004910850000000   14999000002923287612923287        270120260000000000007252600000002923287                  092018017917000164LSC CONSTRUCOES LTDA                              000000000000000040301                     
1040001300002U 46000000000000000000000000000000000000000000000000000000000000000000000000725000000000000725000000000000000000000000000000270120262801202600000000000000000000000000000000000000000000000000000000000000000000000000000000       
1040001300003T 460000004910850000000   14999000002929583512929583        060220260000000000117231040107002929583                  092014656876000103JAIRO DIRCKSEN                                    000000000000000620300                     
1040001300004U 46000000000000000000000000000000000000000000000000000000000000000000000011723000000000011723000000000000000000000000000000270120262701202600000000000000000000000000000000000000000000000000000000000000000000000000000000       
10400015         00000600000000000000000000000000000000000000000000000000000000000000000000000000000000000000000000                                                                                                                             
10499999         000001000008                                                                                                                                                                                                                   
