10400000         2829265510001450000000000000000000001070749108500000000MUNICIPIO DE BRACO DO NORTE   C ECON FEDERAL                          70202202615503100002204000000                    RET ONLINE-PRODUCAO               000            
10400011T0100030 20829265510001450000000000000000000001070749108500000000MUNICIPIO DE BRACO DO NORTE                                                                                   00000022020220260000000000                          00   
1040001300001T 460000004910850000000   14999000002911640012911640        050220260000000000196621040107002911640                  091000002730518908ADRIANA LOPES DA SILVA                            000000000000000020101                     
1040001300002U 46000000000000000000000000007407000000000000000000000000000000000000000012255000000000012255000000000000000000000000000000020220260302202600000000000000000000000000000000000000000000000000000000000000000000000000000000       
1040001300003T 460000004910850000000   14999000002923712612923712        060320260000000000353827560000002923712                  092053652272000132OVOS SC ALIMENTOS LTDA                            000000000000000040301                     
1040001300004U 46000000000000000000000000000000000000000000000000000000000000000000000035382000000000035382000000000000000000000000000000020220260302202600000000000000000000000000000000000000000000000000000000000000000000000000000000       
1040001300005T 460000004910850000000   14999000002923713412923713        060320260000000000353827560000002923713                  092027170413000170OVOS CATARINENSE LTDA                             000000000000000040301                     
1040001300006U 46000000000000000000000000000000000000000000000000000000000000000000000035382000000000035382000000000000000000000000000000020220260302202600000000000000000000000000000000000000000000000000000000000000000000000000000000       
10400015         00000800000000000000000000000000000000000000000000000000000000000000000000000000000000000000000000                                                                                                                             
10499999         000001000010                                                                                                                                                                                                                   
