10400000         2829265510001450000000000000000000001070749108500000000MUNICIPIO DE BRACO DO NORTE   C ECON FEDERAL                          72601202618054700003904000000                    RET ONLINE-PRODUCAO               000            
10400011T0100030 20829265510001450000000000000000000001070749108500000000MUNICIPIO DE BRACO DO NORTE                                                                                   00000039260120260000000000                          00   
1040001300001T 460000004910850000000   14999000002909391412909391        260120260000000000459711040107002909391                  091000000343789019RENICE TEREZINHA HANZEN MARQUES                   000000000000000620300                     
1040001300002U 46000000000000000000000000015996000000000000000000000000000000000000000029975000000000029975000000000000000000000000000000260120262601202600000000000000000000000000000000000000000000000000000000000000000000000000000000       
1040001300003T 460000004910850000000   14999000002916444712916444        260120260000000000571301040336402916444                  091000078918707991ANTONIO MARCOS DE OLIVEIRA                        000000000000000060301                     
1040001300004U 46000000000000000000000000000000000000000000000000000000000000000000000057130000000000057130000000000000000000000000000000260120262701202600000000000000000000000000000000000000000000000000000000000000000000000000000000       
1040001300005T 460000004910850000000   14999000002917314412917314        260120260000000001206487560000002917314                  091000062922343987CYNTIA BIANCHINI JUNKES                           000000000000000040301                     
1040001300006U 46000000000000000000000000034469000000000000000000000000000000000000000086179000000000086179000000000000000000000000000000260120262701202600000000000000000000000000000000000000000000000000000000000000000000000000000000       
10400015         00000800000000000000000000000000000000000000000000000000000000000000000000000000000000000000000000                                                                                                                             
10499999         000001000010                                                                                                                                                                                                                   
