10400000         2829265510001450000000000000000000001070749108500000000MUNICIPIO DE BRACO DO NORTE   C ECON FEDERAL                          73101202611360000000504000000                    RET ONLINE-PRODUCAO               000            
10400011T0100030 20829265510001450000000000000000000001070749108500000000MUNICIPIO DE BRACO DO NORTE                                                                                   00000005310120260000000000                          00   
1040001300001T 460000004910850000000   14999000002919063412919063        050220260000000000689431040107002919063                  092026165617000150SANTA ROSA DE LIMA LOTEAMENTOS LTDA               000000000000000020101                     
1040001300002U 46000000000000000000000000000000000000000000000000000000000000000000000068943000000000068943000000000000000000000000000000020220260302202600000000000000000000000000000000000000000000000000000000000000000000000000000000       
10400015         00000400000000000000000000000000000000000000000000000000000000000000000000000000000000000000000000                                                                                                                             
10499999         000001000006                                                                                                                                                                                                                   
