10400000         2829265510001450000000000000000000001070749108500000000MUNICIPIO DE BRACO DO NORTE   C ECON FEDERAL                          72601202613054900002204000000                    RET ONLINE-PRODUCAO               000            
10400011T0100030 20829265510001450000000000000000000001070749108500000000MUNICIPIO DE BRACO DO NORTE                                                                                   00000022260120260000000000                          00   
1040001300001T 460000004910850000000   14999000002917066812917066        260120260000000000209160010107002917066                  091000037529102915ALDO ULIANO                                       000000000000000620300                     
1040001300002U 46000000000000000000000000004191000000000000000000000000000000000000000016725000000000016725000000000000000000000000000000260120262601202600000000000000000000000000000000000000000000000000000000000000000000000000000000       
1040001300003T 460000004910850000000   14999000002922174212922174        060320260000000000244220330000002922174                  092064647961000175NORTHEX LTDA                                      000000000000000040301                     
1040001300004U 46000000000000000000000000000000000000000000000000000000000000000000000024422000000000024422000000000000000000000000000000260120262701202600000000000000000000000000000000000000000000000000000000000000000000000000000000       
1040001300005T 460000004910850000000   14999000002922175012922175        060320260000000001402780330000002922175                  092064647961000175NORTHEX LTDA                                      000000000000000040301                     
1040001300006U 46000000000000000000000000000000000000000000000000000000000000000000000140278000000000140278000000000000000000000000000000260120262701202600000000000000000000000000000000000000000000000000000000000000000000000000000000       
10400015         00000800000000000000000000000000000000000000000000000000000000000000000000000000000000000000000000                                                                                                                             
10499999         000001000010                                                                                                                                                                                                                   
