10400000         2829265510001450000000000000000000001070749108500000000MUNICIPIO DE BRACO DO NORTE   C ECON FEDERAL                          72801202615502300001904000000                    RET ONLINE-PRODUCAO               000            
10400011T0100030 20829265510001450000000000000000000001070749108500000000MUNICIPIO DE BRACO DO NORTE                                                                                   00000019280120260000000000                          00   
1040001300001T 460000004910850000000   14999000002929432412929432        260220260000000000092760770107002929432                  091000061474720978JOSE PAULO PHILIPPI                               000000000000000620300                     
1040001300002U 46000000000000000000000000000000000000000000000000000000000000000000000009276000000000009276000000000000000000000000000000280120262801202600000000000000000000000000000000000000000000000000000000000000000000000000000000       
10400015         00000400000000000000000000000000000000000000000000000000000000000000000000000000000000000000000000                                                                                                                             
10499999         000001000006                                                                                                                                                                                                                   
