10400000         2829265510001450000000000000000000001070749108500000000MUNICIPIO DE BRACO DO NORTE   C ECON FEDERAL                          72801202620495400002904000000                    RET ONLINE-PRODUCAO               000            
10400011T0100030 20829265510001450000000000000000000001070749108500000000MUNICIPIO DE BRACO DO NORTE                                                                                   00000029280120260000000000                          00   
1040001300001T 460000004910850000000   14999000002905343212905343        280120260000000000637552600000002905343                  091000044942788900GILMAR NUNES                                      000000000000000040301                     
1040001300002U 46000000000000000000000000000000000000000000000000000000000000000000000063755000000000063755000000000000000000000000000000280120262901202600000000000000000000000000000000000000000000000000000000000000000000000000000000       
10400015         00000400000000000000000000000000000000000000000000000000000000000000000000000000000000000000000000                                                                                                                             
10499999         000001000006                                                                                                                                                                                                                   
