10400000         2829265510001450000000000000000000001070749108500000000MUNICIPIO DE BRACO DO NORTE   C ECON FEDERAL                          72701202608504600000304000000                    RET ONLINE-PRODUCAO               000            
10400011T0100030 20829265510001450000000000000000000001070749108500000000MUNICIPIO DE BRACO DO NORTE                                                                                   00000003270120260000000000                          00   
1040001300001T 460000004910850000000   14999000002923053912923053        060320260000000002413747480000002923053                  092044895672000188L.C. PROAGRO LTDA                                 000000000000000040301                     
1040001300002U 46000000000000000000000000000000000000000000000000000000000000000000000241374000000000241374000000000000000000000000000000270120262801202600000000000000000000000000000000000000000000000000000000000000000000000000000000       
10400015         00000400000000000000000000000000000000000000000000000000000000000000000000000000000000000000000000                                                                                                                             
10499999         000001000006                                                                                                                                                                                                                   
