10400000         2829265510001450000000000000000000001070749108500000000MUNICIPIO DE BRACO DO NORTE   C ECON FEDERAL                          72801202616502600002304000000                    RET ONLINE-PRODUCAO               000            
10400011T0100030 20829265510001450000000000000000000001070749108500000000MUNICIPIO DE BRACO DO NORTE                                                                                   00000023280120260000000000                          00   
1040001300001T 460000004910850000000   14999000002923420812923420        060320260000000000910321360000002923420                  092051818387000129FERA HOLDING PARTICIPACOES LTDA                   000000000000000040301                     
1040001300002U 46000000000000000000000000000000000000000000000000000000000000000000000091032000000000091032000000000000000000000000000000280120262901202600000000000000000000000000000000000000000000000000000000000000000000000000000000       
1040001300003T 460000004910850000000   14999000002929854012929854        270220260000000001586281360000002929854                  092051818387000129FERA HOLDING PARTICIPACOES LTDA                   000000000000000040301                     
1040001300004U 46000000000000000000000000000000000000000000000000000000000000000000000158628000000000158628000000000000000000000000000000280120262901202600000000000000000000000000000000000000000000000000000000000000000000000000000000       
10400015         00000600000000000000000000000000000000000000000000000000000000000000000000000000000000000000000000                                                                                                                             
10499999         000001000008                                                                                                                                                                                                                   
