10400000         2829265510001450000000000000000000001070749108500000000MUNICIPIO DE BRACO DO NORTE   C ECON FEDERAL                          72601202616354900003404000000                    RET ONLINE-PRODUCAO               000            
10400011T0100030 20829265510001450000000000000000000001070749108500000000MUNICIPIO DE BRACO DO NORTE                                                                                   00000034260120260000000000                          00   
1040001300001T 460000004910850000000   14999000002906275012906275        290120260000000000232371040107002906275                  09200294095100017602.940.951 NEUSA BARCELOS                         000000000000000060301                     
1040001300002U 46000000000000000000000000004499000000000000000000000000000000000000000018738000000000018738000000000000000000000000000000260120262701202600000000000000000000000000000000000000000000000000000000000000000000000000000000       
1040001300003T 460000004910850000000   14999000002909418012909418        260120260000000001147007480000002909418                  091000005948368912RAFAEL SOMBRIO FERNANDES                          000000000000000040301                     
1040001300004U 46000000000000000000000000027604000000000000000000000000000000000000000087096000000000087096000000000000000000000000000000260120262701202600000000000000000000000000000000000000000000000000000000000000000000000000000000       
1040001300005T 460000004910850000000   14999000002909441412909441        260120260000000000166017480000002909441                  091000073922390900CARLOS HENRIQUE MACHADO FERNANDES                 000000000000000040301                     
1040001300006U 46000000000000000000000000003710000000000000000000000000000000000000000012891000000000012891000000000000000000000000000000260120262701202600000000000000000000000000000000000000000000000000000000000000000000000000000000       
1040001300007T 460000004910850000000   14999000002909453812909453        260120260000000000912197480000002909453                  091000022362916987JOCELI MACHADO FERNANDES                          000000000000000040301                     
1040001300008U 46000000000000000000000000022176000000000000000000000000000000000000000069043000000000069043000000000000000000000000000000260120262701202600000000000000000000000000000000000000000000000000000000000000000000000000000000       
10400015         00001000000000000000000000000000000000000000000000000000000000000000000000000000000000000000000000                                                                                                                             
10499999         000001000012                                                                                                                                                                                                                   
