10400000         2829265510001450000000000000000000001070749108500000000MUNICIPIO DE BRACO DO NORTE   C ECON FEDERAL                          70202202618503000003304000000                    RET ONLINE-PRODUCAO               000            
10400011T0100030 20829265510001450000000000000000000001070749108500000000MUNICIPIO DE BRACO DO NORTE                                                                                   00000033020220260000000000                          00   
1040001300001T 460000004910850000000   14999000002930736112930736        160220260000000000232597560000002930736                  092027170413000170OVOS CATARINENSE LTDA                             000000000000000040301                     
1040001300002U 46000000000000000000000000000000000000000000000000000000000000000000000023259000000000023259000000000000000000000000000000020220260302202600000000000000000000000000000000000000000000000000000000000000000000000000000000       
10400015         00000400000000000000000000000000000000000000000000000000000000000000000000000000000000000000000000                                                                                                                             
10499999         000001000006                                                                                                                                                                                                                   
