10400000         2829265510001450000000000000000000001070749108500000000MUNICIPIO DE BRACO DO NORTE   C ECON FEDERAL                          70202202617210400002804000000                    RET ONLINE-PRODUCAO               000            
10400011T0100030 20829265510001450000000000000000000001070749108500000000MUNICIPIO DE BRACO DO NORTE                                                                                   00000028020220260000000000                          00   
1040001300001T 460000004910850000000   14999000002899496912899496        020220260000000002172217560000002899496                  091000099945045920GENILSON PHILIPPI MACHADO                         000000000000000040301                     
1040001300002U 46000000000000000000000000000000000000000000000000000000000000000000000217221000000000217221000000000000000000000000000000020220260302202600000000000000000000000000000000000000000000000000000000000000000000000000000000       
1040001300003T 460000004910850000000   14999000002899892112899892        020220260000000000559547560000002899892                  091000090741455900EDO WILLEMANN                                     000000000000000040301                     
1040001300004U 46000000000000000000000000016170000000000000000000000000000000000000000039784000000000039784000000000000000000000000000000020220260302202600000000000000000000000000000000000000000000000000000000000000000000000000000000       
1040001300005T 460000004910850000000   14999000002923842412923842        020220260000000000461971040385002923842                  091000009056437984JOEL VANDRESEN                                    000000000000000020101                     
1040001300006U 46000000000000000000000000000000000000000000000000000000000000000000000046197000000000046197000000000000000000000000000000020220260302202600000000000000000000000000000000000000000000000000000000000000000000000000000000       
10400015         00000800000000000000000000000000000000000000000000000000000000000000000000000000000000000000000000                                                                                                                             
10499999         000001000010                                                                                                                                                                                                                   
