10400000         2829265510001450000000000000000000001070749108500000000MUNICIPIO DE BRACO DO NORTE   C ECON FEDERAL                          72601202609505100001004000000                    RET ONLINE-PRODUCAO               000            
10400011T0100030 20829265510001450000000000000000000001070749108500000000MUNICIPIO DE BRACO DO NORTE                                                                                   00000010260120260000000000                          00   
1040001300001T 460000004910850000000   14999000002922695712922695        060320260000000000368282600000002922695                  091000090741218968ALEXANDRE SCHUELTER                               000000000000000040301                     
1040001300002U 46000000000000000000000000000000000000000000000000000000000000000000000036828000000000036828000000000000000000000000000000260120262701202600000000000000000000000000000000000000000000000000000000000000000000000000000000       
1040001300003T 460000004910850000000   14999000002922696512922696        060320260000000000396962600000002922696                  091000090741218968ALEXANDRE SCHUELTER                               000000000000000040301                     
1040001300004U 46000000000000000000000000000000000000000000000000000000000000000000000039696000000000039696000000000000000000000000000000260120262701202600000000000000000000000000000000000000000000000000000000000000000000000000000000       
1040001300005T 460000004910850000000   14999000002922697312922697        060320260000000000477657480000002922697                  092002432724000130JS LABORATORIO DE ANALISES CLINICAS LTDA          000000000000000040301                     
1040001300006U 46000000000000000000000000000000000000000000000000000000000000000000000047765000000000047765000000000000000000000000000000260120262701202600000000000000000000000000000000000000000000000000000000000000000000000000000000       
1040001300007T 460000004910850000000   14999000002922698112922698        060320260000000002064767480000002922698                  092002432724000130JS LABORATORIO DE ANALISES CLINICAS LTDA          000000000000000040301                     
1040001300008U 46000000000000000000000000000000000000000000000000000000000000000000000206476000000000206476000000000000000000000000000000260120262701202600000000000000000000000000000000000000000000000000000000000000000000000000000000       
10400015         00001000000000000000000000000000000000000000000000000000000000000000000000000000000000000000000000                                                                                                                             
10499999         000001000012                                                                                                                                                                                                                   
