10400000         2829265510001450000000000000000000001070749108500000000MUNICIPIO DE BRACO DO NORTE   C ECON FEDERAL                          72601202607045200000404000000                    RET ONLINE-PRODUCAO               000            
10400011T0100030 20829265510001450000000000000000000001070749108500000000MUNICIPIO DE BRACO DO NORTE                                                                                   00000004260120260000000000                          00   
1040001300001T 460000004910850000000   14999000002905842612905842        020220260000000003579971040107002905842                  091000012298875987ESPOLIO DE LUIZ BETT RINALDI                      000000000000000620300                     
1040001300002U 46000000000000000000000000148165000000000000000000000000000000000000000209832000000000209832000000000000000000000000000000260120262601202600000000000000000000000000000000000000000000000000000000000000000000000000000000       
1040001300003T 460000004910850000000   14999000002916135912916135        260120260000000000370312600107002916135                  091000017945038972FRANCISCO LUIZ DA SILVA                           000000000000000620300                     
1040001300004U 46000000000000000000000000008747000000000000000000000000000000000000000028284000000000028284000000000000000000000000000000260120262601202600000000000000000000000000000000000000000000000000000000000000000000000000000000       
1040001300005T 460000004910850000000   14999000002916706312916706        260120260000000000584532370107002916706                  091000087155648949ADEMAR FLORIANO CESARIO                           000000000000000620300                     
1040001300006U 46000000000000000000000000017219000000000000000000000000000000000000000041234000000000041234000000000000000000000000000000260120262601202600000000000000000000000000000000000000000000000000000000000000000000000000000000       
10400015         00000800000000000000000000000000000000000000000000000000000000000000000000000000000000000000000000                                                                                                                             
10499999         000001000010                                                                                                                                                                                                                   
