10400000         2829265510001450000000000000000000001070749108500000000MUNICIPIO DE BRACO DO NORTE   C ECON FEDERAL                          73001202610503900000304000000                    RET ONLINE-PRODUCAO               000            
10400011T0100030 20829265510001450000000000000000000001070749108500000000MUNICIPIO DE BRACO DO NORTE                                                                                   00000003300120260000000000                          00   
1040001300001T 460000004910850000000   14999000002707120412707120        010220260000000000254861040107002707120                  092009137718000107WJ AFIACOES E COMERCIO DE FERRAMENTAS LT          000000000000000020101                     
1040001300002U 46000000000000000000000000000000000000000000000000000000000000000000000025486000000000025486000000000000000000000000000000300120260202202600000000000000000000000000000000000000000000000000000000000000000000000000000000       
10400015         00000400000000000000000000000000000000000000000000000000000000000000000000000000000000000000000000                                                                                                                             
10499999         000001000006                                                                                                                                                                                                                   
