10400000         2829265510001450000000000000000000001070749108500000000MUNICIPIO DE BRACO DO NORTE   C ECON FEDERAL                          72701202611361100000904000000                    RET ONLINE-PRODUCAO               000            
10400011T0100030 20829265510001450000000000000000000001070749108500000000MUNICIPIO DE BRACO DO NORTE                                                                                   00000009270120260000000000                          00   
1040001300001T 460000004910850000000   14999000002894091512894091        100220260000000000618812600107002894091                  092024182422000193SILVIO MARCELINO 04848731992                      000000000000000620300                     
1040001300002U 46000000000000000000000000031441000000000000000000000000000000000000000030440000000000030440000000000000000000000000000000270120262701202600000000000000000000000000000000000000000000000000000000000000000000000000000000       
1040001300003T 460000004910850000000   14999000002929297612929297        230420260000000006684623360107002929297                  091000000530194902EDER DELLA GIUSTINA PERIN                         000000000000000620300                     
1040001300004U 46000000000000000000000000000000000000000000000000000000000000000000000668462000000000668462000000000000000000000000000000270120262701202600000000000000000000000000000000000000000000000000000000000000000000000000000000       
10400015         00000600000000000000000000000000000000000000000000000000000000000000000000000000000000000000000000                                                                                                                             
10499999         000001000008                                                                                                                                                                                                                   
