10400000         2829265510001450000000000000000000001070749108500000000MUNICIPIO DE BRACO DO NORTE   C ECON FEDERAL                          70202202615211800002004000000                    RET ONLINE-PRODUCAO               000            
10400011T0100030 20829265510001450000000000000000000001070749108500000000MUNICIPIO DE BRACO DO NORTE                                                                                   00000020020220260000000000                          00   
1040001300001T 460000004910850000000   14999000002750129212750129        150220260000000000256711040107002750129                  091000001765848970JOSE JOAO JEREMIAS                                000000000000000020101                     
1040001300002U 46000000000000000000000000000000000000000000000000000000000000000000000025671000000000025671000000000000000000000000000000020220260302202600000000000000000000000000000000000000000000000000000000000000000000000000000000       
1040001300003T 460000004910850000000   14999000002910955112910955        020220260000000000860561040107002910955                  092050014667000111BONIN PARTICIPACOES LTDA                          000000000000000620300                     
1040001300004U 46000000000000000000000000022989000000000000000000000000000000000000000063067000000000063067000000000000000000000000000000020220260202202600000000000000000000000000000000000000000000000000000000000000000000000000000000       
1040001300005T 460000004910850000000   14999000002910967512910967        020220260000000000448491040107002910967                  092050014667000111BONIN PARTICIPACOES LTDA                          000000000000000620300                     
1040001300006U 46000000000000000000000000011980000000000000000000000000000000000000000032869000000000032869000000000000000000000000000000020220260202202600000000000000000000000000000000000000000000000000000000000000000000000000000000       
1040001300007T 460000004910850000000   14999000002930737012930737        040320260000000001186961040107002930737                  091000006711855949CONSTANTINO BONINI                                000000000000000020101                     
1040001300008U 46000000000000000000000000000000000000000000000000000000000000000000000118696000000000118696000000000000000000000000000000020220260302202600000000000000000000000000000000000000000000000000000000000000000000000000000000       
10400015         00001000000000000000000000000000000000000000000000000000000000000000000000000000000000000000000000                                                                                                                             
10499999         000001000012                                                                                                                                                                                                                   
