10400000         2829265510001450000000000000000000001070749108500000000MUNICIPIO DE BRACO DO NORTE   C ECON FEDERAL                          72601202617360200003704000000                    RET ONLINE-PRODUCAO               000            
10400011T0100030 20829265510001450000000000000000000001070749108500000000MUNICIPIO DE BRACO DO NORTE                                                                                   00000037260120260000000000                          00   
1040001300001T 460000004910850000000   14999000002916478112916478        260120260000000004367762370000002916478                  092002032856000174BRACO DO NORTE AUTO PECAS LTDA                    000000000000000040301                     
1040001300002U 46000000000000000000000000053022000000000000000000000000000000000000000383754000000000383754000000000000000000000000000000260120262701202600000000000000000000000000000000000000000000000000000000000000000000000000000000       
1040001300003T 460000004910850000000   14999000002918290912918290        260120260000000000259631040107002918290                  091000008328505940TAINARA DE LIS PEREIRA                            000000000000000020101                     
1040001300004U 46000000000000000000000000007002000000000000000000000000000000000000000018961000000000018961000000000000000000000000000000260120262701202600000000000000000000000000000000000000000000000000000000000000000000000000000000       
10400015         00000600000000000000000000000000000000000000000000000000000000000000000000000000000000000000000000                                                                                                                             
10499999         000001000008                                                                                                                                                                                                                   
