10400000         2829265510001450000000000000000000001070749108500000000MUNICIPIO DE BRACO DO NORTE   C ECON FEDERAL                          72801202617203100002504000000                    RET ONLINE-PRODUCAO               000            
10400011T0100030 20829265510001450000000000000000000001070749108500000000MUNICIPIO DE BRACO DO NORTE                                                                                   00000025280120260000000000                          00   
1040001300001T 460000004910850000000   14999000002929946612929946        280120260000000000206381040107002929946                  091000076008576934VILMAR CORDEIRO                                   000000000000000020101                     
1040001300002U 46000000000000000000000000004742000000000000000000000000000000000000000015896000000000015896000000000000000000000000000000280120262901202600000000000000000000000000000000000000000000000000000000000000000000000000000000       
10400015         00000400000000000000000000000000000000000000000000000000000000000000000000000000000000000000000000                                                                                                                             
10499999         000001000006                                                                                                                                                                                                                   
