10400000         2829265510001450000000000000000000001070749108500000000MUNICIPIO DE BRACO DO NORTE   C ECON FEDERAL                          70202202617360900002904000000                    RET ONLINE-PRODUCAO               000            
10400011T0100030 20829265510001450000000000000000000001070749108500000000MUNICIPIO DE BRACO DO NORTE                                                                                   00000029020220260000000000                          00   
1040001300001T 460000004910850000000   14999000002747625512747625        020220260000000002591017560000002747625                  092017211866000144LOGPRO SERVICOS ADMINISTRATIVOS PARA TER          000000000000000040301                     
1040001300002U 46000000000000000000000000000000000000000000000000000000000000000000000259101000000000259101000000000000000000000000000000020220260302202600000000000000000000000000000000000000000000000000000000000000000000000000000000       
1040001300003T 460000004910850000000   14999000002899701112899701        020220260000000000500921040107002899701                  091000042271657091VITOR PAULO RAMOS                                 000000000000000020101                     
1040001300004U 46000000000000000000000000008201000000000000000000000000000000000000000041891000000000041891000000000000000000000000000000020220260302202600000000000000000000000000000000000000000000000000000000000000000000000000000000       
1040001300005T 460000004910850000000   14999000002933635312933635        020220260000000000234810010000002933635                  091000086043382920DELMA DE OLIVEIRA MIRANDA                         000000000000000040301                     
1040001300006U 46000000000000000000000000001989000000000000000000000000000000000000000021492000000000021492000000000000000000000000000000020220260302202600000000000000000000000000000000000000000000000000000000000000000000000000000000       
1040001300007T 460000004910850000000   14999000002933636112933636        020220260000000000137500010000002933636                  091000086043382920DELMA DE OLIVEIRA MIRANDA                         000000000000000040301                     
1040001300008U 46000000000000000000000000001163000000000000000000000000000000000000000012587000000000012587000000000000000000000000000000020220260302202600000000000000000000000000000000000000000000000000000000000000000000000000000000       
10400015         00001000000000000000000000000000000000000000000000000000000000000000000000000000000000000000000000                                                                                                                             
10499999         000001000012                                                                                                                                                                                                                   
