10400000         2829265510001450000000000000000000001070749108500000000MUNICIPIO DE BRACO DO NORTE   C ECON FEDERAL                          72601202613363900002404000000                    RET ONLINE-PRODUCAO               000            
10400011T0100030 20829265510001450000000000000000000001070749108500000000MUNICIPIO DE BRACO DO NORTE                                                                                   00000024260120260000000000                          00   
1040001300001T 460000004910850000000   14999000002917323312917323        260120260000000000377482600107002917323                  091000000836967925GISELLI DA SILVA FRAGA                            000000000000000620300                     
1040001300002U 46000000000000000000000000007318000000000000000000000000000000000000000030430000000000030430000000000000000000000000000000260120262601202600000000000000000000000000000000000000000000000000000000000000000000000000000000       
10400015         00000400000000000000000000000000000000000000000000000000000000000000000000000000000000000000000000                                                                                                                             
10499999         000001000006                                                                                                                                                                                                                   
