10400000         2829265510001450000000000000000000001070749108500000000MUNICIPIO DE BRACO DO NORTE   C ECON FEDERAL                          72901202614500500001604000000                    RET ONLINE-PRODUCAO               000            
10400011T0100030 20829265510001450000000000000000000001070749108500000000MUNICIPIO DE BRACO DO NORTE                                                                                   00000016290120260000000000                          00   
1040001300001T 460000004910850000000   14999000002906384512906384        290120260000000000506850810000002906384                  091000001907220968ANTONIO CAIMERE CARDOSO                           000000000000000040301                     
1040001300002U 46000000000000000000000000022548000000000000000000000000000000000000000028137000000000028137000000000000000000000000000000290120263001202600000000000000000000000000000000000000000000000000000000000000000000000000000000       
1040001300003T 460000004910850000000   14999000002930133912930133        180220260000000000232597560000002930133                  09200797326300012607.973.263 SANDRA PEREIRA DELFINO                 000000000000000040301                     
1040001300004U 46000000000000000000000000000000000000000000000000000000000000000000000023259000000000023259000000000000000000000000000000290120263001202600000000000000000000000000000000000000000000000000000000000000000000000000000000       
10400015         00000600000000000000000000000000000000000000000000000000000000000000000000000000000000000000000000                                                                                                                             
10499999         000001000008                                                                                                                                                                                                                   
