10400000         2829265510001450000000000000000000001070749108500000000MUNICIPIO DE BRACO DO NORTE   C ECON FEDERAL                          72801202609202800000304000000                    RET ONLINE-PRODUCAO               000            
10400011T0100030 20829265510001450000000000000000000001070749108500000000MUNICIPIO DE BRACO DO NORTE                                                                                   00000003280120260000000000                          00   
1040001300001T 460000004910850000000   14999000002914141212914141        060320260000000000089391330000002914141                  092061135402000198ECO SUL COMERCIO DE RECICLAGEM LTDA               000000000000000040301                     
1040001300002U 46000000000000000000000000000000000000000000000000000000000000000000000008939000000000008939000000000000000000000000000000280120262901202600000000000000000000000000000000000000000000000000000000000000000000000000000000       
1040001300003T 460000004910850000000   14999000002914142012914142        060320260000000002145541330000002914142                  092061135402000198ECO SUL COMERCIO DE RECICLAGEM LTDA               000000000000000040301                     
1040001300004U 46000000000000000000000000000000000000000000000000000000000000000000000214554000000000214554000000000000000000000000000000280120262901202600000000000000000000000000000000000000000000000000000000000000000000000000000000       
10400015         00000600000000000000000000000000000000000000000000000000000000000000000000000000000000000000000000                                                                                                                             
10499999         000001000008                                                                                                                                                                                                                   
