10400000         2829265510001450000000000000000000001070749108500000000MUNICIPIO DE BRACO DO NORTE   C ECON FEDERAL                          72601202615202500002904000000                    RET ONLINE-PRODUCAO               000            
10400011T0100030 20829265510001450000000000000000000001070749108500000000MUNICIPIO DE BRACO DO NORTE                                                                                   00000029260120260000000000                          00   
1040001300001T 460000004910850000000   14999000002906787512906787        100220260000000000303613410000002906787                  092024094614000148CRISTIANO BECKER 07764929930                      000000000000000040301                     
1040001300002U 46000000000000000000000000000000000000000000000000000000000000000000000030361000000000030361000000000000000000000000000000260120262701202600000000000000000000000000000000000000000000000000000000000000000000000000000000       
1040001300003T 460000004910850000000   14999000002916462512916462        260120260000000000747111040107002916462                  091000002452958956VALDOMIRO DA SILVA                                000000000000000020101                     
1040001300004U 46000000000000000000000000032482000000000000000000000000000000000000000042229000000000042229000000000000000000000000000000260120262701202600000000000000000000000000000000000000000000000000000000000000000000000000000000       
1040001300005T 460000004910850000000   14999000002917484112917484        260120260000000020055990010000002917484                  092041733235000170EJ ADMINISTRACAO DE BENS LTDA                     000000000000000040301                     
1040001300006U 46000000000000000000000000000000000000000000000000000000000000000000002005599000000002005599000000000000000000000000000000260120262701202600000000000000000000000000000000000000000000000000000000000000000000000000000000       
1040001300007T 460000004910850000000   14999000002918331012918331        260120260000000011105627480000002918331                  092011387553000165WEBER PARTICIPACOES LTDA                          000000000000000040301                     
1040001300008U 46000000000000000000000000224924000000000000000000000000000000000000000885638000000000885638000000000000000000000000000000260120262701202600000000000000000000000000000000000000000000000000000000000000000000000000000000       
1040001300009T 460000004910850000000   14999000002918356512918356        260120260000000000860462370000002918356                  091000006388089950GABRIELA HEIDEMANN                                000000000000000040101                     
1040001300010U 46000000000000000000000000032962000000000000000000000000000000000000000053084000000000053084000000000000000000000000000000260120262701202600000000000000000000000000000000000000000000000000000000000000000000000000000000       
1040001300011T 460000004910850000000   14999000002919125812919125        060320260000000001895345090000002919125                  092053674375000101PORTO PET CLINICA VETERINARIA LTDA                000000000000000040301                     
1040001300012U 46000000000000000000000000000000000000000000000000000000000000000000000189534000000000189534000000000000000000000000000000260120262701202600000000000000000000000000000000000000000000000000000000000000000000000000000000       
1040001300013T 460000004910850000000   14999000002920843612920843        060320260000000000244221360000002920843                  092075837336000293WKD COMERCIO DE PNEUS E PECAS LTDA                000000000000000040301                     
1040001300014U 46000000000000000000000000000000000000000000000000000000000000000000000024422000000000024422000000000000000000000000000000260120262701202600000000000000000000000000000000000000000000000000000000000000000000000000000000       
10400015         00001600000000000000000000000000000000000000000000000000000000000000000000000000000000000000000000                                                                                                                             
10499999         000001000018                                                                                                                                                                                                                   
