10400000         2829265510001450000000000000000000001070749108500000000MUNICIPIO DE BRACO DO NORTE   C ECON FEDERAL                          70202202616070200002304000000                    RET ONLINE-PRODUCAO               000            
10400011T0100030 20829265510001450000000000000000000001070749108500000000MUNICIPIO DE BRACO DO NORTE                                                                                   00000023020220260000000000                          00   
1040001300001T 460000004910850000000   14999000002903079312903079        060320260000000001673301360000002903079                  092012608507000101PAZ SERVICOS MEDICOS LTDA                         000000000000000040301                     
1040001300002U 46000000000000000000000000000000000000000000000000000000000000000000000167330000000000167330000000000000000000000000000000020220260302202600000000000000000000000000000000000000000000000000000000000000000000000000000000       
1040001300003T 460000004910850000000   14999000002924728812924728        030220260000000000117230330000002924728                  092001403819000162LCS INDUSTRIA E COMERCIO LTDA                     000000000000000040301                     
1040001300004U 46000000000000000000000000000000000000000000000000000000000000000000000011723000000000011723000000000000000000000000000000020220260302202600000000000000000000000000000000000000000000000000000000000000000000000000000000       
10400015         00000600000000000000000000000000000000000000000000000000000000000000000000000000000000000000000000                                                                                                                             
10499999         000001000008                                                                                                                                                                                                                   
