10400000         2829265510001450000000000000000000001070749108500000000MUNICIPIO DE BRACO DO NORTE   C ECON FEDERAL                          72601202617213600003604000000                    RET ONLINE-PRODUCAO               000            
10400011T0100030 20829265510001450000000000000000000001070749108500000000MUNICIPIO DE BRACO DO NORTE                                                                                   00000036260120260000000000                          00   
1040001300001T 460000004910850000000   14999000002916786112916786        260120260000000000271082600107002916786                  091000008299000980JULIANO GOMES                                     000000000000000620300                     
1040001300002U 46000000000000000000000000007648000000000000000000000000000000000000000019460000000000019460000000000000000000000000000000260120262601202600000000000000000000000000000000000000000000000000000000000000000000000000000000       
1040001300003T 460000004910850000000   14999000002921132112921132        270120260000000000015857560000002921132                  092026236071000181BRAPO CONSTRUTORA E INCORPORADORA LTDA            000000000000000040301                     
1040001300004U 46000000000000000000000000000000000000000000000000000000000000000000000001585000000000001585000000000000000000000000000000260120262701202600000000000000000000000000000000000000000000000000000000000000000000000000000000       
1040001300005T 460000004910850000000   14999000002929429412929429        300120260000000000144361040107002929429                  091000005434271963AMANDA PICKLER BRATTI                             000000000000000610300                     
1040001300006U 46000000000000000000000000000000000000000000000000000000000000000000000014436000000000014436000000000000000000000000000000260120262601202600000000000000000000000000000000000000000000000000000000000000000000000000000000       
10400015         00000800000000000000000000000000000000000000000000000000000000000000000000000000000000000000000000                                                                                                                             
10499999         000001000010                                                                                                                                                                                                                   
