10400000         2829265510001450000000000000000000001070749108500000000MUNICIPIO DE BRACO DO NORTE   C ECON FEDERAL                          73001202614201400001104000000                    RET ONLINE-PRODUCAO               000            
10400011T0100030 20829265510001450000000000000000000001070749108500000000MUNICIPIO DE BRACO DO NORTE                                                                                   00000011300120260000000000                          00   
1040001300001T 460000004910850000000   14999000002930129012930129        020220260000000000200211040107002930129                  091000059487534920MARIA DE LOURDES OLIVEIRA CORREA                  000000000000000020101                     
1040001300002U 46000000000000000000000000003969000000000000000000000000000000000000000016052000000000016052000000000000000000000000000000300120260202202600000000000000000000000000000000000000000000000000000000000000000000000000000000       
10400015         00000400000000000000000000000000000000000000000000000000000000000000000000000000000000000000000000                                                                                                                             
10499999         000001000006                                                                                                                                                                                                                   
