10400000         2829265510001450000000000000000000001070749108500000000MUNICIPIO DE BRACO DO NORTE   C ECON FEDERAL                          72901202620353300002404000000                    RET ONLINE-PRODUCAO               000            
10400011T0100030 20829265510001450000000000000000000001070749108500000000MUNICIPIO DE BRACO DO NORTE                                                                                   00000024290120260000000000                          00   
1040001300001T 460000004910850000000   14999000002871490712871490        290120260000000000225860010000002871490                  091000077740467987OSMAR SANTOS DA SILVA                             000000000000000040301                     
1040001300002U 46000000000000000000000000000000000000000000000000000000000000000000000022586000000000022586000000000000000000000000000000290120263001202600000000000000000000000000000000000000000000000000000000000000000000000000000000       
10400015         00000400000000000000000000000000000000000000000000000000000000000000000000000000000000000000000000                                                                                                                             
10499999         000001000006                                                                                                                                                                                                                   
