10400000         2829265510001450000000000000000000001070749108500000000MUNICIPIO DE BRACO DO NORTE   C ECON FEDERAL                          72801202613053200001304000000                    RET ONLINE-PRODUCAO               000            
10400011T0100030 20829265510001450000000000000000000001070749108500000000MUNICIPIO DE BRACO DO NORTE                                                                                   00000013280120260000000000                          00   
1040001300001T 460000004910850000000   14999000002921160712921160        120220260000000000016000010000002921160                  091000002174180901CRISTIANO CARVALHO SILVANO                        000000000000000040401                     
1040001300002U 46000000000000000000000000000000000000000000000000000000000000000000000001600000000000001600000000000000000000000000000000280120262901202600000000000000000000000000000000000000000000000000000000000000000000000000000000       
10400015         00000400000000000000000000000000000000000000000000000000000000000000000000000000000000000000000000                                                                                                                             
10499999         000001000006                                                                                                                                                                                                                   
