10400000         2829265510001450000000000000000000001070749108500000000MUNICIPIO DE BRACO DO NORTE   C ECON FEDERAL                          72801202615203600001704000000                    RET ONLINE-PRODUCAO               000            
10400011T0100030 20829265510001450000000000000000000001070749108500000000MUNICIPIO DE BRACO DO NORTE                                                                                   00000017280120260000000000                          00   
1040001300001T 460000004910850000000   14999000002745275512745275        280120260000000000183902370000002745275                  092012540184000161DESIGNUM PANFLETOS LTDA ME                        000000000000000040301                     
1040001300002U 46000000000000000000000000000000000000000000000000000000000000000000000018390000000000018390000000000000000000000000000000280120262901202600000000000000000000000000000000000000000000000000000000000000000000000000000000       
1040001300003T 460000004910850000000   14999000002929857512929857        270220260000000001651510160000002929857                  092005685860000120VALDEMIR SERAFIM ME                               000000000000000040301                     
1040001300004U 46000000000000000000000000000000000000000000000000000000000000000000000165151000000000165151000000000000000000000000000000280120262901202600000000000000000000000000000000000000000000000000000000000000000000000000000000       
10400015         00000600000000000000000000000000000000000000000000000000000000000000000000000000000000000000000000                                                                                                                             
10499999         000001000008                                                                                                                                                                                                                   
