10400000         2829265510001450000000000000000000001070749108500000000MUNICIPIO DE BRACO DO NORTE   C ECON FEDERAL                          73001202617201500002004000000                    RET ONLINE-PRODUCAO               000            
10400011T0100030 20829265510001450000000000000000000001070749108500000000MUNICIPIO DE BRACO DO NORTE                                                                                   00000020300120260000000000                          00   
1040001300001T 460000004910850000000   14999000002923785112923785        300120260000000003339931330000002923785                  092015363133000108JOSE ANTONIO DIAS ME                              000000000000000040301                     
1040001300002U 46000000000000000000000000000000000000000000000000000000000000000000000333993000000000333993000000000000000000000000000000300120260202202600000000000000000000000000000000000000000000000000000000000000000000000000000000       
1040001300003T 460000004910850000000   14999000002923786012923786        300120260000000002962011330000002923786                  092039757206000104GERACAO PARTICIPACOES SOCIETARIAIS LTDA           000000000000000040301                     
1040001300004U 46000000000000000000000000000000000000000000000000000000000000000000000296201000000000296201000000000000000000000000000000300120260202202600000000000000000000000000000000000000000000000000000000000000000000000000000000       
10400015         00000600000000000000000000000000000000000000000000000000000000000000000000000000000000000000000000                                                                                                                             
10499999         000001000008                                                                                                                                                                                                                   
