10400000         2829265510001450000000000000000000001070749108500000000MUNICIPIO DE BRACO DO NORTE   C ECON FEDERAL                          72601202617505000003804000000                    RET ONLINE-PRODUCAO               000            
10400011T0100030 20829265510001450000000000000000000001070749108500000000MUNICIPIO DE BRACO DO NORTE                                                                                   00000038260120260000000000                          00   
1040001300001T 460000004910850000000   14999000002916455212916455        260120260000000000564952600000002916455                  091000006340952933JOICE DOMINGOS ALVES                              000000000000000040301                     
1040001300002U 46000000000000000000000000000000000000000000000000000000000000000000000056495000000000056495000000000000000000000000000000260120262701202600000000000000000000000000000000000000000000000000000000000000000000000000000000       
1040001300003T 460000004910850000000   14999000002918416212918416        260120260000000000362361040107002918416                  091000003447013958NEUSA SERAFIM STANGE                              000000000000000610300                     
1040001300004U 46000000000000000000000000014498000000000000000000000000000000000000000021738000000000021738000000000000000000000000000000260120262601202600000000000000000000000000000000000000000000000000000000000000000000000000000000       
10400015         00000600000000000000000000000000000000000000000000000000000000000000000000000000000000000000000000                                                                                                                             
10499999         000001000008                                                                                                                                                                                                                   
