10400000         2829265510001450000000000000000000001070749108500000000MUNICIPIO DE BRACO DO NORTE   C ECON FEDERAL                          70202202609510300001004000000                    RET ONLINE-PRODUCAO               000            
10400011T0100030 20829265510001450000000000000000000001070749108500000000MUNICIPIO DE BRACO DO NORTE                                                                                   00000010020220260000000000                          00   
1040001300001T 460000004910850000000   14999000002909430912909430        020220260000000000706221040107002909430                  091000095056637904IVONETE DA SILVA SOUZA                            000000000000000020101                     
1040001300002U 46000000000000000000000000032200000000000000000000000000000000000000000038422000000000038422000000000000000000000000000000020220260302202600000000000000000000000000000000000000000000000000000000000000000000000000000000       
1040001300003T 460000004910850000000   14999000002930113412930113        060220260000000000117231360000002930113                  092057397607000174FAZENDA MEURER LTDA                               000000000000000040301                     
1040001300004U 46000000000000000000000000000000000000000000000000000000000000000000000011723000000000011723000000000000000000000000000000020220260302202600000000000000000000000000000000000000000000000000000000000000000000000000000000       
10400015         00000600000000000000000000000000000000000000000000000000000000000000000000000000000000000000000000                                                                                                                             
10499999         000001000008                                                                                                                                                                                                                   
