10400000         2829265510001450000000000000000000001070749108500000000MUNICIPIO DE BRACO DO NORTE   C ECON FEDERAL                          72801202621351900003204000000                    RET ONLINE-PRODUCAO               000            
10400011T0100030 20829265510001450000000000000000000001070749108500000000MUNICIPIO DE BRACO DO NORTE                                                                                   00000032280120260000000000                          00   
1040001300001T 460000004910850000000   14999000002923462312923462        280120260000000000299407560000002923462                  092025044964000162SILVIO MORAIS DE CAMPOS                           000000000000000040301                     
1040001300002U 46000000000000000000000000000000000000000000000000000000000000000000000029940000000000029940000000000000000000000000000000280120262901202600000000000000000000000000000000000000000000000000000000000000000000000000000000       
10400015         00000400000000000000000000000000000000000000000000000000000000000000000000000000000000000000000000                                                                                                                             
10499999         000001000006                                                                                                                                                                                                                   
