10400000         2829265510001450000000000000000000001070749108500000000MUNICIPIO DE BRACO DO NORTE   C ECON FEDERAL                          72901202620495900002504000000                    RET ONLINE-PRODUCAO               000            
10400011T0100030 20829265510001450000000000000000000001070749108500000000MUNICIPIO DE BRACO DO NORTE                                                                                   00000025290120260000000000                          00   
1040001300001T 460000004910850000000   14999000002929936912929936        290120260000000000601373360107002929936                  091000092390781934BEN HUR BEZA MACHADO                              000000000000000620300                     
1040001300002U 46000000000000000000000000017762000000000000000000000000000000000000000042375000000000042375000000000000000000000000000000290120262901202600000000000000000000000000000000000000000000000000000000000000000000000000000000       
1040001300003T 460000004910850000000   14999000002929938512929938        290120260000000000412813360107002929938                  091000002856892906TEREZINHA DE FATIMA BEZA MACHADO                  000000000000000620300                     
1040001300004U 46000000000000000000000000010631000000000000000000000000000000000000000030650000000000030650000000000000000000000000000000290120262901202600000000000000000000000000000000000000000000000000000000000000000000000000000000       
10400015         00000600000000000000000000000000000000000000000000000000000000000000000000000000000000000000000000                                                                                                                             
10499999         000001000008                                                                                                                                                                                                                   
