10400000         2829265510001450000000000000000000001070749108500000000MUNICIPIO DE BRACO DO NORTE   C ECON FEDERAL                          70602202607071800000104000000                    RET ONLINE-PRODUCAO               000            
10400011T0100030 20829265510001450000000000000000000001070749108500000000MUNICIPIO DE BRACO DO NORTE                                                                                   00000001060220260000000000                          00   
1040001300001T 460000004910850000000   14999000002934745212934745        060220260000000000520680000000002934745                  091000000605170002DIONEI DE SOUZA GONCALVES                         000000000000000620300                     
1040001300002U 46000000000000000000000000015989000000000000000000000000000000000000000036079000000000036079000000000000000000000000000000050220260602202600000000000000000000000000000000000000000000000000000000000000000000000000000000       
10400015         00000400000000000000000000000000000000000000000000000000000000000000000000000000000000000000000000                                                                                                                             
10499999         000001000006                                                                                                                                                                                                                   
