10400000         2829265510001450000000000000000000001070749108500000000MUNICIPIO DE BRACO DO NORTE   C ECON FEDERAL                          70602202615222000001704000000                    RET ONLINE-PRODUCAO               000            
10400011T0100030 20829265510001450000000000000000000001070749108500000000MUNICIPIO DE BRACO DO NORTE                                                                                   00000017060220260000000000                          00   
1040001300001T 460000004910850000000   14999000002922247112922247        100220260000000000168002600000002922247                  091000007557148908MARIANE DA ROSA PEREIRA                           000000000000000040301                     
1040001300002U 46000000000000000000000000000000000000000000000000000000000000000000000016800000000000016800000000000000000000000000000000060220260902202600000000000000000000000000000000000000000000000000000000000000000000000000000000       
1040001300003T 460000004910850000000   14999000002923830012923830        060320260000000000106134220000002923830                  092083573212010158COOPERATIVA DE PRODUCAO E CONSUMO CONCOR          000000000000000040301                     
1040001300004U 46000000000000000000000000000000000000000000000000000000000000000000000010613000000000010613000000000000000000000000000000060220260902202600000000000000000000000000000000000000000000000000000000000000000000000000000000       
1040001300005T 460000004910850000000   14999000002923831912923831        060320260000000005303244220000002923831                  092083573212010158COOPERATIVA DE PRODUCAO E CONSUMO CONCOR          000000000000000040301                     
1040001300006U 46000000000000000000000000000000000000000000000000000000000000000000000530324000000000530324000000000000000000000000000000060220260902202600000000000000000000000000000000000000000000000000000000000000000000000000000000       
1040001300007T 460000004910850000000   14999000002923832712923832        060320260000000000106134220000002923832                  092083573212013335COOPERATIVA DE PRODUCAO E CONSUMO CONCOR          000000000000000040301                     
1040001300008U 46000000000000000000000000000000000000000000000000000000000000000000000010613000000000010613000000000000000000000000000000060220260902202600000000000000000000000000000000000000000000000000000000000000000000000000000000       
1040001300009T 460000004910850000000   14999000002923833512923833        060320260000000008118934220000002923833                  092083573212013335COOPERATIVA DE PRODUCAO E CONSUMO CONCOR          000000000000000040301                     
1040001300010U 46000000000000000000000000000000000000000000000000000000000000000000000811893000000000811893000000000000000000000000000000060220260902202600000000000000000000000000000000000000000000000000000000000000000000000000000000       
10400015         00001200000000000000000000000000000000000000000000000000000000000000000000000000000000000000000000                                                                                                                             
10499999         000001000014                                                                                                                                                                                                                   
