10400000         2829265510001450000000000000000000001070749108500000000MUNICIPIO DE BRACO DO NORTE   C ECON FEDERAL                          70602202611510200000804000000                    RET ONLINE-PRODUCAO               000            
10400011T0100030 20829265510001450000000000000000000001070749108500000000MUNICIPIO DE BRACO DO NORTE                                                                                   00000008060220260000000000                          00   
1040001300001T 460000004910850000000   14999000002895049012895049        110220260000000002121971040107002895049                  091000079617964953CLEBER LUCIANO PEREIRA                            000000000000000020101                     
1040001300002U 46000000000000000000000000061771000000000000000000000000000000000000000150426000000000150426000000000000000000000000000000060220260902202600000000000000000000000000000000000000000000000000000000000000000000000000000000       
1040001300003T 460000004910850000000   14999000002906554612906554        060220260000000000283061040352302906554                  091000003909295908DJON VITOR OURIQUES                               000000000000000020101                     
1040001300004U 46000000000000000000000000006300000000000000000000000000000000000000000022006000000000022006000000000000000000000000000000060220260902202600000000000000000000000000000000000000000000000000000000000000000000000000000000       
1040001300005T 460000004910850000000   14999000002928941012928941        230420260000000002277237560000002928941                  091000003866563981SANDRA MICHELS BROGNARA MARCELINO                 000000000000000040301                     
1040001300006U 46000000000000000000000000000000000000000000000000000000000000000000000227723000000000227723000000000000000000000000000000060220260902202600000000000000000000000000000000000000000000000000000000000000000000000000000000       
1040001300007T 460000004910850000000   14999000002934802512934802        190220260000000000117230010000002934802                  091000001873873972HILARIO GALVANI                                   000000000000000040301                     
1040001300008U 46000000000000000000000000000000000000000000000000000000000000000000000011723000000000011723000000000000000000000000000000060220260902202600000000000000000000000000000000000000000000000000000000000000000000000000000000       
10400015         00001000000000000000000000000000000000000000000000000000000000000000000000000000000000000000000000                                                                                                                             
10499999         000001000012                                                                                                                                                                                                                   
