10400000         2829265510001450000000000000000000001070749108500000000MUNICIPIO DE BRACO DO NORTE   C ECON FEDERAL                          70602202618371400002804000000                    RET ONLINE-PRODUCAO               000            
10400011T0100030 20829265510001450000000000000000000001070749108500000000MUNICIPIO DE BRACO DO NORTE                                                                                   00000028060220260000000000                          00   
1040001300001T 460000004910850000000   14999000002900201312900201        060320260000000000252861360000002900201                  092058664652000100F MEURER PARTICIPACOES LTDA                       000000000000000040301                     
1040001300002U 46000000000000000000000000000000000000000000000000000000000000000000000025286000000000025286000000000000000000000000000000060220260902202600000000000000000000000000000000000000000000000000000000000000000000000000000000       
1040001300003T 460000004910850000000   14999000002902491212902491        060320260000000002080521360000002902491                  092052869440000183LOTEAMENTO MEURER LTDA                            000000000000000040301                     
1040001300004U 46000000000000000000000000000000000000000000000000000000000000000000000208052000000000208052000000000000000000000000000000060220260902202600000000000000000000000000000000000000000000000000000000000000000000000000000000       
1040001300005T 460000004910850000000   14999000002903314812903314        060320260000000001809951360000002903314                  092043472084000179MEURER TERRAPLANAGEM LTDA                         000000000000000040301                     
1040001300006U 46000000000000000000000000000000000000000000000000000000000000000000000180995000000000180995000000000000000000000000000000060220260902202600000000000000000000000000000000000000000000000000000000000000000000000000000000       
1040001300007T 460000004910850000000   14999000002903319912903319        060320260000000005208971360000002903319                  092040417119000189MEURER VEICULOS MULTIMARCAS LTDA                  000000000000000040301                     
1040001300008U 46000000000000000000000000000000000000000000000000000000000000000000000520897000000000520897000000000000000000000000000000060220260902202600000000000000000000000000000000000000000000000000000000000000000000000000000000       
1040001300009T 460000004910850000000   14999000002903598112903598        060320260000000000106131360000002903598                  092040417119000189MEURER VEICULOS MULTIMARCAS LTDA                  000000000000000040301                     
1040001300010U 46000000000000000000000000000000000000000000000000000000000000000000000010613000000000010613000000000000000000000000000000060220260902202600000000000000000000000000000000000000000000000000000000000000000000000000000000       
1040001300011T 460000004910850000000   14999000002921852012921852        080220260000000000226695420107002921852                  091000063314991991RAYMUNDO SAO BRAIZ JAGAS                          000000000000000620300                     
1040001300012U 46000000000000000000000000000000000000000000000000000000000000000000000022669000000000022669000000000000000000000000000000060220260602202600000000000000000000000000000000000000000000000000000000000000000000000000000000       
10400015         00001400000000000000000000000000000000000000000000000000000000000000000000000000000000000000000000                                                                                                                             
10499999         000001000016                                                                                                                                                                                                                   
