10400000         2829265510001450000000000000000000001070749108500000000MUNICIPIO DE BRACO DO NORTE   C ECON FEDERAL                          70602202610060200000404000000                    RET ONLINE-PRODUCAO               000            
10400011T0100030 20829265510001450000000000000000000001070749108500000000MUNICIPIO DE BRACO DO NORTE                                                                                   00000004060220260000000000                          00   
1040001300001T 460000004910850000000   14999000002899206012899206        060320260000000001338011040107002899206                  092000188868000167BLOEMER   BOEING LTDA                             000000000000000060301                     
1040001300002U 46000000000000000000000000000000000000000000000000000000000000000000000133801000000000133801000000000000000000000000000000060220260902202600000000000000000000000000000000000000000000000000000000000000000000000000000000       
10400015         00000400000000000000000000000000000000000000000000000000000000000000000000000000000000000000000000                                                                                                                             
10499999         000001000006                                                                                                                                                                                                                   
