10400000         2829265510001450000000000000000000001070749108500000000MUNICIPIO DE BRACO DO NORTE   C ECON FEDERAL                          70602202610505400000604000000                    RET ONLINE-PRODUCAO               000            
10400011T0100030 20829265510001450000000000000000000001070749108500000000MUNICIPIO DE BRACO DO NORTE                                                                                   00000006060220260000000000                          00   
1040001300001T 460000004910850000000   14999000002847808112847808        090220260000000000565571040107002847808                  091000061887218904JAIME DE MORAES MAXIMIANO                         000000000000000020101                     
1040001300002U 46000000000000000000000000000000000000000000000000000000000000000000000056557000000000056557000000000000000000000000000000060220260902202600000000000000000000000000000000000000000000000000000000000000000000000000000000       
1040001300003T 460000004910850000000   14999000002909937812909937        100220260000000000441140010000002909937                  092087296026015724BENOIT ELETRODOMESTICOS LTDA                      000000000000000040301                     
1040001300004U 46000000000000000000000000000000000000000000000000000000000000000000000044114000000000044114000000000000000000000000000000060220260902202600000000000000000000000000000000000000000000000000000000000000000000000000000000       
1040001300005T 460000004910850000000   14999000002920415512920415        080420260000000003917230010107002920415                  091000095099719953EDVANDRO DELLA GIUSTINA                           000000000000000620300                     
1040001300006U 46000000000000000000000000000000000000000000000000000000000000000000000391723000000000391723000000000000000000000000000000060220260602202600000000000000000000000000000000000000000000000000000000000000000000000000000000       
1040001300007T 460000004910850000000   14999000002930372212930372        100220260000000001191681360000002930372                  092041744660000164RESIDENCIAL MILANO SPE LTDA                       000000000000000040301                     
1040001300008U 46000000000000000000000000000000000000000000000000000000000000000000000119168000000000119168000000000000000000000000000000060220260902202600000000000000000000000000000000000000000000000000000000000000000000000000000000       
10400015         00001000000000000000000000000000000000000000000000000000000000000000000000000000000000000000000000                                                                                                                             
10499999         000001000012                                                                                                                                                                                                                   
