10400000         2829265510001450000000000000000000001070749108500000000MUNICIPIO DE BRACO DO NORTE   C ECON FEDERAL                          70602202609363000000204000000                    RET ONLINE-PRODUCAO               000            
10400011T0100030 20829265510001450000000000000000000001070749108500000000MUNICIPIO DE BRACO DO NORTE                                                                                   00000002060220260000000000                          00   
1040001300001T 460000004910850000000   14999000002801102712801102        130220260000000000176401040107002801102                  091000069053448934JOAO BATISTA JULIO                                000000000000000020101                     
1040001300002U 46000000000000000000000000000000000000000000000000000000000000000000000017640000000000017640000000000000000000000000000000060220260902202600000000000000000000000000000000000000000000000000000000000000000000000000000000       
1040001300003T 460000004910850000000   14999000002903833612903833        200220260000000000119002600000002903833                  091000089829808904IVAIRIA BAPTISTA                                  000000000000000040301                     
1040001300004U 46000000000000000000000000000000000000000000000000000000000000000000000011900000000000011900000000000000000000000000000000060220260902202600000000000000000000000000000000000000000000000000000000000000000000000000000000       
1040001300005T 460000004910850000000   14999000002934803312934803        060520260000000005146871360000002934803                  092033044253000116GALLIANO ADMINISTRADORA DE BENS LTDA              000000000000000040301                     
1040001300006U 46000000000000000000000000000000000000000000000000000000000000000000000514687000000000514687000000000000000000000000000000060220260902202600000000000000000000000000000000000000000000000000000000000000000000000000000000       
10400015         00000800000000000000000000000000000000000000000000000000000000000000000000000000000000000000000000                                                                                                                             
10499999         000001000010                                                                                                                                                                                                                   
