10400000         2829265510001450000000000000000000001070749108500000000MUNICIPIO DE BRACO DO NORTE   C ECON FEDERAL                          70602202614220200001604000000                    RET ONLINE-PRODUCAO               000            
10400011T0100030 20829265510001450000000000000000000001070749108500000000MUNICIPIO DE BRACO DO NORTE                                                                                   00000016060220260000000000                          00   
1040001300001T 460000004910850000000   14999000002904111612904111        060320260000000000138643410000002904111                  092050037457000220THE BEST ACAI ICARA LTDA                          000000000000000040301                     
1040001300002U 46000000000000000000000000000000000000000000000000000000000000000000000013864000000000013864000000000000000000000000000000060220260902202600000000000000000000000000000000000000000000000000000000000000000000000000000000       
1040001300003T 460000004910850000000   14999000002904112412904112        060320260000000001495353410000002904112                  092050037457000220THE BEST ACAI ICARA LTDA                          000000000000000040301                     
1040001300004U 46000000000000000000000000000000000000000000000000000000000000000000000149535000000000149535000000000000000000000000000000060220260902202600000000000000000000000000000000000000000000000000000000000000000000000000000000       
1040001300005T 460000004910850000000   14999000002905188012905188        270220260000000000172380010000002905188                  091000002853917983GILBERTO SILVEIRA                                 000000000000000040301                     
1040001300006U 46000000000000000000000000004075000000000000000000000000000000000000000013163000000000013163000000000000000000000000000000060220260902202600000000000000000000000000000000000000000000000000000000000000000000000000000000       
10400015         00000800000000000000000000000000000000000000000000000000000000000000000000000000000000000000000000                                                                                                                             
10499999         000001000010                                                                                                                                                                                                                   
