10400000         2829265510001450000000000000000000001070749108500000000MUNICIPIO DE BRACO DO NORTE   C ECON FEDERAL                          70602202612063900000904000000                    RET ONLINE-PRODUCAO               000            
10400011T0100030 20829265510001450000000000000000000001070749108500000000MUNICIPIO DE BRACO DO NORTE                                                                                   00000009060220260000000000                          00   
1040001300001T 460000004910850000000   14999000002903357112903357        160220260000000000557951040107002903357                  091000034233121904ESPOLIO DE ANDRE MARTINS                          000000000000000020101                     
1040001300002U 46000000000000000000000000018441000000000000000000000000000000000000000037354000000000037354000000000000000000000000000000060220260902202600000000000000000000000000000000000000000000000000000000000000000000000000000000       
10400015         00000400000000000000000000000000000000000000000000000000000000000000000000000000000000000000000000                                                                                                                             
10499999         000001000006                                                                                                                                                                                                                   
