10400000         2829265510001450000000000000000000001070749108500000000MUNICIPIO DE BRACO DO NORTE   C ECON FEDERAL                          70602202613511200001404000000                    RET ONLINE-PRODUCAO               000            
10400011T0100030 20829265510001450000000000000000000001070749108500000000MUNICIPIO DE BRACO DO NORTE                                                                                   00000014060220260000000000                          00   
1040001300001T 460000004910850000000   14999000002924222712924222        060220260000000000344205090000002924222                  092047926499000126MAIA GASTROBAR LTDA                               000000000000000040301                     
1040001300002U 46000000000000000000000000000000000000000000000000000000000000000000000034420000000000034420000000000000000000000000000000060220260902202600000000000000000000000000000000000000000000000000000000000000000000000000000000       
1040001300003T 460000004910850000000   14999000002935158112935158        060320260000000000077532600107002935158                  091000034233210915JAIR VOLPATO                                      000000000000000620300                     
1040001300004U 46000000000000000000000000000000000000000000000000000000000000000000000007753000000000007753000000000000000000000000000000060220260602202600000000000000000000000000000000000000000000000000000000000000000000000000000000       
10400015         00000600000000000000000000000000000000000000000000000000000000000000000000000000000000000000000000                                                                                                                             
10499999         000001000008                                                                                                                                                                                                                   
