10400000         2829265510001450000000000000000000001070749108500000000MUNICIPIO DE BRACO DO NORTE   C ECON FEDERAL                          70602202616071600001904000000                    RET ONLINE-PRODUCAO               000            
10400011T0100030 20829265510001450000000000000000000001070749108500000000MUNICIPIO DE BRACO DO NORTE                                                                                   00000019060220260000000000                          00   
1040001300001T 460000004910850000000   14999000002892878812892878        060220260000000002600001040107002892878                  09206153843200014561.538.432 WAGNER ALESSANDER DUTRA                000000000000000020101                     
1040001300002U 46000000000000000000000000000000000000000000000000000000000000000000000260000000000000260000000000000000000000000000000000060220260902202600000000000000000000000000000000000000000000000000000000000000000000000000000000       
1040001300003T 460000004910850000000   14999000002916691112916691        200220260000000000799480330107002916691                  091000054284520997AURELIO MARTINHO                                  000000000000000620300                     
1040001300004U 46000000000000000000000000037743000000000000000000000000000000000000000042205000000000042205000000000000000000000000000000060220260602202600000000000000000000000000000000000000000000000000000000000000000000000000000000       
1040001300005T 460000004910850000000   14999000002930279312930279        100220260000000000005001040107002930279                  092007019412000112FERREIRA   NAZARIO LTDA ME                        000000000000000060301                     
1040001300006U 46000000000000000000000000000000000000000000000000000000000000000000000000500000000000000500000000000000000000000000000000060220260902202600000000000000000000000000000000000000000000000000000000000000000000000000000000       
1040001300007T 460000004910850000000   14999000002934748712934748        070320260000000016647777480000002934748                  092003793242000178COOP. DE CRED. POUP. E INV. DO SUL DO ES          000000000000000040301                     
1040001300008U 46000000000000000000000000000000000000000000000000000000000000000000001664777000000001664777000000000000000000000000000000060220260902202600000000000000000000000000000000000000000000000000000000000000000000000000000000       
10400015         00001000000000000000000000000000000000000000000000000000000000000000000000000000000000000000000000                                                                                                                             
10499999         000001000012                                                                                                                                                                                                                   
