10400000         2829265510001450000000000000000000001070749108500000000MUNICIPIO DE BRACO DO NORTE   C ECON FEDERAL                          70602202617065500002304000000                    RET ONLINE-PRODUCAO               000            
10400011T0100030 20829265510001450000000000000000000001070749108500000000MUNICIPIO DE BRACO DO NORTE                                                                                   00000023060220260000000000                          00   
1040001300001T 460000004910850000000   14999000002879244412879244        060220260000000000171821040107002879244                  092051999292000159HM ACABAMENTOS LTDA                               000000000000000020101                     
1040001300002U 46000000000000000000000000000000000000000000000000000000000000000000000017182000000000017182000000000000000000000000000000060220260902202600000000000000000000000000000000000000000000000000000000000000000000000000000000       
1040001300003T 460000004910850000000   14999000002907163512907163        110220260000000001345711040107002907163                  091000025235290925SILVESTRE NECKER SALVALAGIO                       000000000000000020101                     
1040001300004U 46000000000000000000000000058286000000000000000000000000000000000000000076285000000000076285000000000000000000000000000000060220260902202600000000000000000000000000000000000000000000000000000000000000000000000000000000       
10400015         00000600000000000000000000000000000000000000000000000000000000000000000000000000000000000000000000                                                                                                                             
10499999         000001000008                                                                                                                                                                                                                   
