10400000         2829265510001450000000000000000000001070749108500000000MUNICIPIO DE BRACO DO NORTE   C ECON FEDERAL                          70602202617212500002404000000                    RET ONLINE-PRODUCAO               000            
10400011T0100030 20829265510001450000000000000000000001070749108500000000MUNICIPIO DE BRACO DO NORTE                                                                                   00000024060220260000000000                          00   
1040001300001T 460000004910850000000   14999000002906793012906793        090220260000000000123030810000002906793                  091000079704700172STELA MARIS CARDOSO EFFTING                       000000000000000040301                     
1040001300002U 46000000000000000000000000000000000000000000000000000000000000000000000012303000000000012303000000000000000000000000000000060220260902202600000000000000000000000000000000000000000000000000000000000000000000000000000000       
1040001300003T 460000004910850000000   14999000002935162012935162        070220260000000000327181040107002935162                  091000004575592927TAIANA APARECIDA FLAUSTINO ALVES                  000000000000000020101                     
1040001300004U 46000000000000000000000000008686000000000000000000000000000000000000000024032000000000024032000000000000000000000000000000060220260902202600000000000000000000000000000000000000000000000000000000000000000000000000000000       
10400015         00000600000000000000000000000000000000000000000000000000000000000000000000000000000000000000000000                                                                                                                             
10499999         000001000008                                                                                                                                                                                                                   
