10400000         2829265510001450000000000000000000001070749108500000000MUNICIPIO DE BRACO DO NORTE   C ECON FEDERAL                          70602202615511600001804000000                    RET ONLINE-PRODUCAO               000            
10400011T0100030 20829265510001450000000000000000000001070749108500000000MUNICIPIO DE BRACO DO NORTE                                                                                   00000018060220260000000000                          00   
1040001300001T 460000004910850000000   14999000002929511812929511        060320260000000000117921040107002929511                  092013577983000175GRAZIANI BEZA ANTUNES                             000000000000000020101                     
1040001300002U 46000000000000000000000000001179000000000000000000000000000000000000000010613000000000010613000000000000000000000000000000060220260902202600000000000000000000000000000000000000000000000000000000000000000000000000000000       
10400015         00000400000000000000000000000000000000000000000000000000000000000000000000000000000000000000000000                                                                                                                             
10499999         000001000006                                                                                                                                                                                                                   
