10400000         2829265510001450000000000000000000001070749108500000000MUNICIPIO DE BRACO DO NORTE   C ECON FEDERAL                          70602202617364100002504000000                    RET ONLINE-PRODUCAO               000            
10400011T0100030 20829265510001450000000000000000000001070749108500000000MUNICIPIO DE BRACO DO NORTE                                                                                   00000025060220260000000000                          00   
1040001300001T 460000004910850000000   14999000002900427012900427        090220260000000000136342600000002900427                  091000025692810930ESPOLIO DE LEOPOLDINO MIGUEL VICENTE              000000000000000040301                     
1040001300002U 46000000000000000000000000002812000000000000000000000000000000000000000010822000000000010822000000000000000000000000000000060220260902202600000000000000000000000000000000000000000000000000000000000000000000000000000000       
1040001300003T 460000004910850000000   14999000002935164612935164        060220260000000000123137560000002935164                  092002451297000137P.VIDA FARMACIA E DROGARIA LTDA.                  000000000000000040301                     
1040001300004U 46000000000000000000000000000000000000000000000000000000000000000000000012313000000000012313000000000000000000000000000000060220260902202600000000000000000000000000000000000000000000000000000000000000000000000000000000       
10400015         00000600000000000000000000000000000000000000000000000000000000000000000000000000000000000000000000                                                                                                                             
10499999         000001000008                                                                                                                                                                                                                   
