10400000         2829265510001450000000000000000000001070749108500000000MUNICIPIO DE BRACO DO NORTE   C ECON FEDERAL                          70602202616210500002004000000                    RET ONLINE-PRODUCAO               000            
10400011T0100030 20829265510001450000000000000000000001070749108500000000MUNICIPIO DE BRACO DO NORTE                                                                                   00000020060220260000000000                          00   
1040001300001T 460000004910850000000   14999000002920357412920357        060220260000000000465260010000002920357                  091000005722273376RAIMUNDO LUIZ DE LIMA JUNIOR                      000000000000000040301                     
1040001300002U 46000000000000000000000000000000000000000000000000000000000000000000000046526000000000046526000000000000000000000000000000060220260902202600000000000000000000000000000000000000000000000000000000000000000000000000000000       
1040001300003T 460000004910850000000   14999000002929770612929770        260220260000000000632151040107002929770                  091000090987675915NEI ALEXANDRE DE BONA                             000000000000000620300                     
1040001300004U 46000000000000000000000000000000000000000000000000000000000000000000000063215000000000063215000000000000000000000000000000060220260602202600000000000000000000000000000000000000000000000000000000000000000000000000000000       
1040001300005T 460000004910850000000   14999000002930428112930428        100220260000000000928997480000002930428                  092003793242001573COOP  CREDITO  POUPANCA E INVEST DO SUL           000000000000000040301                     
1040001300006U 46000000000000000000000000000000000000000000000000000000000000000000000092899000000000092899000000000000000000000000000000060220260902202600000000000000000000000000000000000000000000000000000000000000000000000000000000       
10400015         00000800000000000000000000000000000000000000000000000000000000000000000000000000000000000000000000                                                                                                                             
10499999         000001000010                                                                                                                                                                                                                   
