10400000         2829265510001450000000000000000000001070749108500000000MUNICIPIO DE BRACO DO NORTE   C ECON FEDERAL                          70602202616510100002204000000                    RET ONLINE-PRODUCAO               000            
10400011T0100030 20829265510001450000000000000000000001070749108500000000MUNICIPIO DE BRACO DO NORTE                                                                                   00000022060220260000000000                          00   
1040001300001T 460000004910850000000   14999000002915211212915211        190220260000000002781091040107002915211                  091000034483306987ESPOLIO DE SALESIO DA SILVA                       000000000000000020101                     
1040001300002U 46000000000000000000000000128091000000000000000000000000000000000000000150018000000000150018000000000000000000000000000000060220260902202600000000000000000000000000000000000000000000000000000000000000000000000000000000       
1040001300003T 460000004910850000000   14999000002924279012924279        060320260000000001106587480000002924279                  09205921584400010059.215.844 EVANIR EFFTING WARMLING PHILI          000000000000000040301                     
1040001300004U 46000000000000000000000000000000000000000000000000000000000000000000000110658000000000110658000000000000000000000000000000060220260902202600000000000000000000000000000000000000000000000000000000000000000000000000000000       
1040001300005T 460000004910850000000   14999000002924280412924280        060220260000000000539527560000002924280                  091000090987675915NEI ALEXANDRE DE BONA                             000000000000000040301                     
1040001300006U 46000000000000000000000000000000000000000000000000000000000000000000000053952000000000053952000000000000000000000000000000060220260902202600000000000000000000000000000000000000000000000000000000000000000000000000000000       
10400015         00000800000000000000000000000000000000000000000000000000000000000000000000000000000000000000000000                                                                                                                             
10499999         000001000010                                                                                                                                                                                                                   
