10400000         2829265510001450000000000000000000001070749108500000000MUNICIPIO DE BRACO DO NORTE   C ECON FEDERAL                          70602202618061900002704000000                    RET ONLINE-PRODUCAO               000            
10400011T0100030 20829265510001450000000000000000000001070749108500000000MUNICIPIO DE BRACO DO NORTE                                                                                   00000027060220260000000000                          00   
1040001300001T 460000004910850000000   14999000002903997912903997        200220260000000000531101040107002903997                  091000007573560958FELIPE NAZARIO DA SILVA                           000000000000000020101                     
1040001300002U 46000000000000000000000000016919000000000000000000000000000000000000000036191000000000036191000000000000000000000000000000060220260902202600000000000000000000000000000000000000000000000000000000000000000000000000000000       
1040001300003T 460000004910850000000   14999000002924237512924237        060220260000000000017387560000002924237                  092029212486000294PIZOLAR - PIZONI MATERIAIS DE CONSTRUCAO          000000000000000040301                     
1040001300004U 46000000000000000000000000000000000000000000000000000000000000000000000001738000000000001738000000000000000000000000000000060220260902202600000000000000000000000000000000000000000000000000000000000000000000000000000000       
1040001300005T 460000004910850000000   14999000002924238312924238        060220260000000000385307560000002924238                  092029212486000294PIZOLAR - PIZONI MATERIAIS DE CONSTRUCAO          000000000000000040301                     
1040001300006U 46000000000000000000000000000000000000000000000000000000000000000000000038530000000000038530000000000000000000000000000000060220260902202600000000000000000000000000000000000000000000000000000000000000000000000000000000       
10400015         00000800000000000000000000000000000000000000000000000000000000000000000000000000000000000000000000                                                                                                                             
10499999         000001000010                                                                                                                                                                                                                   
