10400000         2829265510001450000000000000000000001070749108500000000MUNICIPIO DE BRACO DO NORTE   C ECON FEDERAL                          70602202610370600000504000000                    RET ONLINE-PRODUCAO               000            
10400011T0100030 20829265510001450000000000000000000001070749108500000000MUNICIPIO DE BRACO DO NORTE                                                                                   00000005060220260000000000                          00   
1040001300001T 460000004910850000000   14999000002900521712900521        090220260000000000397571040107002900521                  091000079931022949ENIO BORBA DE BONA                                000000000000000610300                     
1040001300002U 46000000000000000000000000021774000000000000000000000000000000000000000017983000000000017983000000000000000000000000000000060220260602202600000000000000000000000000000000000000000000000000000000000000000000000000000000       
1040001300003T 460000004910850000000   14999000002911678712911678        050320260000000000302710010000002911678                  091000089585739968NEDSON DA SILVA MARTINS                           000000000000000040301                     
1040001300004U 46000000000000000000000000006699000000000000000000000000000000000000000023572000000000023572000000000000000000000000000000060220260902202600000000000000000000000000000000000000000000000000000000000000000000000000000000       
10400015         00000600000000000000000000000000000000000000000000000000000000000000000000000000000000000000000000                                                                                                                             
10499999         000001000008                                                                                                                                                                                                                   
