10400000         2829265510001450000000000000000000001070749108500000000MUNICIPIO DE BRACO DO NORTE   C ECON FEDERAL                          70602202612212100001004000000                    RET ONLINE-PRODUCAO               000            
10400011T0100030 20829265510001450000000000000000000001070749108500000000MUNICIPIO DE BRACO DO NORTE                                                                                   00000010060220260000000000                          00   
1040001300001T 460000004910850000000   14999000002902601012902601        060220260000000000230440330000002902601                  091000034451757991EDEGAR BEZA                                       000000000000000040301                     
1040001300002U 46000000000000000000000000000000000000000000000000000000000000000000000023044000000000023044000000000000000000000000000000060220260902202600000000000000000000000000000000000000000000000000000000000000000000000000000000       
10400015         00000400000000000000000000000000000000000000000000000000000000000000000000000000000000000000000000                                                                                                                             
10499999         000001000006                                                                                                                                                                                                                   
