10400000         2829265510001450000000000000000000001070749108500000000MUNICIPIO DE BRACO DO NORTE   C ECON FEDERAL                          70602202613365900001304000000                    RET ONLINE-PRODUCAO               000            
10400011T0100030 20829265510001450000000000000000000001070749108500000000MUNICIPIO DE BRACO DO NORTE                                                                                   00000013060220260000000000                          00   
1040001300001T 460000004910850000000   14999000002869031512869031        250220260000000000228321040107002869031                  091000080058868968ARLETE GONCALVES HONORATO                         000000000000000020101                     
1040001300002U 46000000000000000000000000000000000000000000000000000000000000000000000022832000000000022832000000000000000000000000000000060220260902202600000000000000000000000000000000000000000000000000000000000000000000000000000000       
1040001300003T 460000004910850000000   14999000002906595312906595        090220260000000000324277560000002906595                  091000005505347924SIDINEI SEHNEN KATRUCH                            000000000000000040301                     
1040001300004U 46000000000000000000000000008272000000000000000000000000000000000000000024155000000000024155000000000000000000000000000000060220260902202600000000000000000000000000000000000000000000000000000000000000000000000000000000       
1040001300005T 460000004910850000000   14999000002924215412924215        060320260000000001386990010000002924215                  092006324828000181ELETRO ATIVA - SERVICOS ELETRICOS LTDA M          000000000000000040301                     
1040001300006U 46000000000000000000000000000000000000000000000000000000000000000000000138699000000000138699000000000000000000000000000000060220260902202600000000000000000000000000000000000000000000000000000000000000000000000000000000       
10400015         00000800000000000000000000000000000000000000000000000000000000000000000000000000000000000000000000                                                                                                                             
10499999         000001000010                                                                                                                                                                                                                   
