10400000         2829265510001450000000000000000000001070749108500000000MUNICIPIO DE BRACO DO NORTE   C ECON FEDERAL                          70602202620070100002904000000                    RET ONLINE-PRODUCAO               000            
10400011T0100030 20829265510001450000000000000000000001070749108500000000MUNICIPIO DE BRACO DO NORTE                                                                                   00000029060220260000000000                          00   
1040001300001T 460000004910850000000   14999000002708276112708276        090320260000000000170601360000002708276                  092010381649000153ATITUDE IND E COM DE QUADROS DECORATIVOS          000000000000000040301                     
1040001300002U 46000000000000000000000000000000000000000000000000000000000000000000000017060000000000017060000000000000000000000000000000060220260902202600000000000000000000000000000000000000000000000000000000000000000000000000000000       
10400015         00000400000000000000000000000000000000000000000000000000000000000000000000000000000000000000000000                                                                                                                             
10499999         000001000006                                                                                                                                                                                                                   
