10400000         2829265510001450000000000000000000001070749108500000000MUNICIPIO DE BRACO DO NORTE   C ECON FEDERAL                          70602202609505200000304000000                    RET ONLINE-PRODUCAO               000            
10400011T0100030 20829265510001450000000000000000000001070749108500000000MUNICIPIO DE BRACO DO NORTE                                                                                   00000003060220260000000000                          00   
1040001300001T 460000004910850000000   14999000002930077412930077        280420260000000000247547560000002930077                  091000003760554997ANDERSON DELFIM DE OLIVEIRA                       000000000000000040101                     
1040001300002U 46000000000000000000000000000000000000000000000000000000000000000000000024754000000000024754000000000000000000000000000000060220260902202600000000000000000000000000000000000000000000000000000000000000000000000000000000       
10400015         00000400000000000000000000000000000000000000000000000000000000000000000000000000000000000000000000                                                                                                                             
10499999         000001000006                                                                                                                                                                                                                   
