10400000         2829265510001450000000000000000000001070749108500000000MUNICIPIO DE BRACO DO NORTE   C ECON FEDERAL                          70602202617503800002604000000                    RET ONLINE-PRODUCAO               000            
10400011T0100030 20829265510001450000000000000000000001070749108500000000MUNICIPIO DE BRACO DO NORTE                                                                                   00000026060220260000000000                          00   
1040001300001T 460000004910850000000   14999000002902309612902309        130220260000000000255001040107002902309                  091000044942834953AVANI BEZA SILVEIRA                               000000000000000020101                     
1040001300002U 46000000000000000000000000004492000000000000000000000000000000000000000021008000000000021008000000000000000000000000000000060220260902202600000000000000000000000000000000000000000000000000000000000000000000000000000000       
1040001300003T 460000004910850000000   14999000002921186012921186        100220260000000002567991360000002921186                  092052192599000106DOMUS PALACE RESIDENCE SPE LTDA                   000000000000000040301                     
1040001300004U 46000000000000000000000000000000000000000000000000000000000000000000000256799000000000256799000000000000000000000000000000060220260902202600000000000000000000000000000000000000000000000000000000000000000000000000000000       
1040001300005T 460000004910850000000   14999000002924295212924295        180220260000000000250505090000002924295                  092026263083000103RENOVA JEANS TINTURARIA E CUSTOMIZACAO D          000000000000000040301                     
1040001300006U 46000000000000000000000000000000000000000000000000000000000000000000000025050000000000025050000000000000000000000000000000060220260902202600000000000000000000000000000000000000000000000000000000000000000000000000000000       
10400015         00000800000000000000000000000000000000000000000000000000000000000000000000000000000000000000000000                                                                                                                             
10499999         000001000010                                                                                                                                                                                                                   
