10400000         2829265510001450000000000000000000001070749108500000000MUNICIPIO DE BRACO DO NORTE   C ECON FEDERAL                          70602202616375300002104000000                    RET ONLINE-PRODUCAO               000            
10400011T0100030 20829265510001450000000000000000000001070749108500000000MUNICIPIO DE BRACO DO NORTE                                                                                   00000021060220260000000000                          00   
1040001300001T 460000004910850000000   14999000002862757512862757        080220260000000000223492370000002862757                  091000071451005920RODCEIA BATISTA DOS SANTOS                        000000000000000040301                     
1040001300002U 46000000000000000000000000000000000000000000000000000000000000000000000022349000000000022349000000000000000000000000000000060220260902202600000000000000000000000000000000000000000000000000000000000000000000000000000000       
1040001300003T 460000004910850000000   14999000002920356612920356        060220260000000001385900010000002920356                  091000074610066904VILSON HEIDEMANN                                  000000000000000040301                     
1040001300004U 46000000000000000000000000000000000000000000000000000000000000000000000138590000000000138590000000000000000000000000000000060220260902202600000000000000000000000000000000000000000000000000000000000000000000000000000000       
10400015         00000600000000000000000000000000000000000000000000000000000000000000000000000000000000000000000000                                                                                                                             
10499999         000001000008                                                                                                                                                                                                                   
