10400000         2829265510001450000000000000000000001070749108500000000MUNICIPIO DE BRACO DO NORTE   C ECON FEDERAL                          71002202618363400004204000000                    RET ONLINE-PRODUCAO               000            
10400011T0100030 20829265510001450000000000000000000001070749108500000000MUNICIPIO DE BRACO DO NORTE                                                                                   00000042100220260000000000                          00   
1040001300001T 460000004910850000000   14999000002930315312930315        100220260000000000080002370000002930315                  092005559204000180ADRIANE PEREIRA DANIELSKI                         000000000000000040301                     
1040001300002U 46000000000000000000000000000000000000000000000000000000000000000000000008000000000000008000000000000000000000000000000000100220261102202600000000000000000000000000000000000000000000000000000000000000000000000000000000       
10400015         00000400000000000000000000000000000000000000000000000000000000000000000000000000000000000000000000                                                                                                                             
10499999         000001000006                                                                                                                                                                                                                   
