10400000         2829265510001450000000000000000000001070749108500000000MUNICIPIO DE BRACO DO NORTE   C ECON FEDERAL                          71002202616375100003404000000                    RET ONLINE-PRODUCAO               000            
10400011T0100030 20829265510001450000000000000000000001070749108500000000MUNICIPIO DE BRACO DO NORTE                                                                                   00000034100220260000000000                          00   
1040001300001T 460000004910850000000   14999000002920340012920340        100220260000000000523901040107002920340                  091000005646876931TAMARA GONCALVES                                  000000000000000060301                     
1040001300002U 46000000000000000000000000024087000000000000000000000000000000000000000028303000000000028303000000000000000000000000000000100220261102202600000000000000000000000000000000000000000000000000000000000000000000000000000000       
1040001300003T 460000004910850000000   14999000002934930712934930        100220260000000002936802370000002934930                  092013273478000137UFS- EMPREENDIMENTOS IMOBILIARIOS LTDA            000000000000000040301                     
1040001300004U 46000000000000000000000000000000000000000000000000000000000000000000000293680000000000293680000000000000000000000000000000100220261102202600000000000000000000000000000000000000000000000000000000000000000000000000000000       
10400015         00000600000000000000000000000000000000000000000000000000000000000000000000000000000000000000000000                                                                                                                             
10499999         000001000008                                                                                                                                                                                                                   
