10400000         2829265510001450000000000000000000001070749108500000000MUNICIPIO DE BRACO DO NORTE   C ECON FEDERAL                          71002202618062400004004000000                    RET ONLINE-PRODUCAO               000            
10400011T0100030 20829265510001450000000000000000000001070749108500000000MUNICIPIO DE BRACO DO NORTE                                                                                   00000040100220260000000000                          00   
1040001300001T 460000004910850000000   14999000002897444512897444        190220260000000000173211040107002897444                  091000096663685953WILSON CAMILO WALTER                              000000000000000020101                     
1040001300002U 46000000000000000000000000005311000000000000000000000000000000000000000012010000000000012010000000000000000000000000000000100220261102202600000000000000000000000000000000000000000000000000000000000000000000000000000000       
1040001300003T 460000004910850000000   14999000002914025412914025        170220260000000000152571360000002914025                  091000000578818981JIANARA LEONEL DA SILVA                           000000000000000040301                     
1040001300004U 46000000000000000000000000004049000000000000000000000000000000000000000011208000000000011208000000000000000000000000000000100220261102202600000000000000000000000000000000000000000000000000000000000000000000000000000000       
1040001300005T 460000004910850000000   14999000002922265012922265        100220260000000019980967560000002922265                  092024092271000182SOFTCAM SOLUCOES LTDA                             000000000000000040301                     
1040001300006U 46000000000000000000000000000000000000000000000000000000000000000000001998096000000001998096000000000000000000000000000000100220261102202600000000000000000000000000000000000000000000000000000000000000000000000000000000       
1040001300007T 460000004910850000000   14999000002922278112922278        100220260000000001279921040107002922278                  092007578004000109EVERALDO DA SILVA FERREIRA                        000000000000000020101                     
1040001300008U 46000000000000000000000000000000000000000000000000000000000000000000000127992000000000127992000000000000000000000000000000100220261102202600000000000000000000000000000000000000000000000000000000000000000000000000000000       
1040001300009T 460000004910850000000   14999000002924907812924907        080620260000000000135220010000002924907                  091000001886892903INACIO BOEING                                     000000000000000040301                     
1040001300010U 46000000000000000000000000000000000000000000000000000000000000000000000013522000000000013522000000000000000000000000000000100220261102202600000000000000000000000000000000000000000000000000000000000000000000000000000000       
1040001300011T 460000004910850000000   14999000002935012712935012        100220260000000002053591040637002935012                  092013926863000136ELITIM CONSTRUCAO E INCORPORACAO LTDA             000000000000000060301                     
1040001300012U 46000000000000000000000000000000000000000000000000000000000000000000000205359000000000205359000000000000000000000000000000100220261102202600000000000000000000000000000000000000000000000000000000000000000000000000000000       
1040001300013T 460000004910850000000   14999000002936706212936706        120320260000000000343531040107002936706                  091000002091128910VALDECI TAVARES                                   000000000000000620300                     
1040001300014U 46000000000000000000000000000000000000000000000000000000000000000000000034353000000000034353000000000000000000000000000000100220261002202600000000000000000000000000000000000000000000000000000000000000000000000000000000       
1040001300015T 460000004910850000000   14999000002936707012936707        120420260000000000233931040107002936707                  091000002091128910VALDECI TAVARES                                   000000000000000620300                     
1040001300016U 46000000000000000000000000000000000000000000000000000000000000000000000023393000000000023393000000000000000000000000000000100220261002202600000000000000000000000000000000000000000000000000000000000000000000000000000000       
10400015         00001800000000000000000000000000000000000000000000000000000000000000000000000000000000000000000000                                                                                                                             
10499999         000001000020                                                                                                                                                                                                                   
