10400000         2829265510001450000000000000000000001070749108500000000MUNICIPIO DE BRACO DO NORTE   C ECON FEDERAL                          71002202615212600003004000000                    RET ONLINE-PRODUCAO               000            
10400011T0100030 20829265510001450000000000000000000001070749108500000000MUNICIPIO DE BRACO DO NORTE                                                                                   00000030100220260000000000                          00   
1040001300001T 460000004910850000000   14999000002918954712918954        040320260000000000232782600107002918954                  091000099945932934SILESIO KNIESS MATES                              000000000000000620300                     
1040001300002U 46000000000000000000000000000000000000000000000000000000000000000000000023278000000000023278000000000000000000000000000000100220261002202600000000000000000000000000000000000000000000000000000000000000000000000000000000       
1040001300003T 460000004910850000000   14999000002921173912921173        100220260000000000431053410000002921173                  092027831352000145EDP TRANSMISSAO ALIANCA SC S.A                    000000000000000040301                     
1040001300004U 46000000000000000000000000000000000000000000000000000000000000000000000043105000000000043105000000000000000000000000000000100220261102202600000000000000000000000000000000000000000000000000000000000000000000000000000000       
1040001300005T 460000004910850000000   14999000002922235812922235        100220260000000000225047480000002922235                  092001195838000140AGROSSUI COMERCIO  TRANSPORTE E REPRESEN          000000000000000040301                     
1040001300006U 46000000000000000000000000000000000000000000000000000000000000000000000022504000000000022504000000000000000000000000000000100220261102202600000000000000000000000000000000000000000000000000000000000000000000000000000000       
1040001300007T 460000004910850000000   14999000002922493812922493        100220260000000000392162600000002922493                  092058520514000158HD SERVICOS MEDICOS LTDA                          000000000000000040301                     
1040001300008U 46000000000000000000000000000000000000000000000000000000000000000000000039216000000000039216000000000000000000000000000000100220261102202600000000000000000000000000000000000000000000000000000000000000000000000000000000       
1040001300009T 460000004910850000000   14999000002930248312930248        100220260000000001013433410000002930248                  092080936685000111AGUA DA SERRA INDUSTRIAL DE BEBIDAS S.A.          000000000000000040301                     
1040001300010U 46000000000000000000000000000000000000000000000000000000000000000000000101343000000000101343000000000000000000000000000000100220261102202600000000000000000000000000000000000000000000000000000000000000000000000000000000       
1040001300011T 460000004910850000000   14999000002934813012934813        100220260000000000003227480000002934813                  092001195838000221AGROSSUI COMERCIO  TRANSPORTE E REPRESEN          000000000000000040301                     
1040001300012U 46000000000000000000000000000000000000000000000000000000000000000000000000322000000000000322000000000000000000000000000000100220261102202600000000000000000000000000000000000000000000000000000000000000000000000000000000       
1040001300013T 460000004910850000000   14999000002934985412934985        100220260000000000666942370000002934985                  092060746948033630BANCO BRADESCO S/A                                000000000000000040301                     
1040001300014U 46000000000000000000000000000000000000000000000000000000000000000000000066694000000000066694000000000000000000000000000000100220261102202600000000000000000000000000000000000000000000000000000000000000000000000000000000       
1040001300015T 460000004910850000000   14999000002935818712935818        110320260000000001648087560000002935818                  092011475461000137CENTRO ESPORTIVO E RECREATIVO LUCHTEMBER          000000000000000040101                     
1040001300016U 46000000000000000000000000000000000000000000000000000000000000000000000164808000000000164808000000000000000000000000000000100220261102202600000000000000000000000000000000000000000000000000000000000000000000000000000000       
10400015         00001800000000000000000000000000000000000000000000000000000000000000000000000000000000000000000000                                                                                                                             
10499999         000001000020                                                                                                                                                                                                                   
