10400000         2829265510001450000000000000000000001070749108500000000MUNICIPIO DE BRACO DO NORTE   C ECON FEDERAL                          71002202619564700004604000000                    RET ONLINE-PRODUCAO               000            
10400011T0100030 20829265510001450000000000000000000001070749108500000000MUNICIPIO DE BRACO DO NORTE                                                                                   00000046100220260000000000                          00   
1040001300001T 460000004910850000000   14999000002909966112909966        100220260000000000196287560000002909966                  092028149316000169NIVALDO COAN                                      000000000000000040301                     
1040001300002U 46000000000000000000000000000000000000000000000000000000000000000000000019628000000000019628000000000000000000000000000000100220261102202600000000000000000000000000000000000000000000000000000000000000000000000000000000       
1040001300003T 460000004910850000000   14999000002921221212921221        100220260000000001320001360000002921221                  092051297871000150CONDOMINIO ALTO DAS MANSOES LTDA                  000000000000000040301                     
1040001300004U 46000000000000000000000000000000000000000000000000000000000000000000000132000000000000132000000000000000000000000000000000100220261102202600000000000000000000000000000000000000000000000000000000000000000000000000000000       
1040001300005T 460000004910850000000   14999000002922236612922236        100220260000000009320487560000002922236                  092002032856000174BRACO DO NORTE AUTO PECAS LTDA                    000000000000000040301                     
1040001300006U 46000000000000000000000000000000000000000000000000000000000000000000000932048000000000932048000000000000000000000000000000100220261102202600000000000000000000000000000000000000000000000000000000000000000000000000000000       
1040001300007T 460000004910850000000   14999000002930283112930283        100220260000000000200007560000002930283                  092002032856000174BRACO DO NORTE AUTO PECAS LTDA                    000000000000000040301                     
1040001300008U 46000000000000000000000000000000000000000000000000000000000000000000000020000000000000020000000000000000000000000000000000100220261102202600000000000000000000000000000000000000000000000000000000000000000000000000000000       
1040001300009T 460000004910850000000   14999000002934974912934974        100220260000000000009177560000002934974                  092080101231000120OFICINA DE CHAPEACAO E PINTURA BN LTDA            000000000000000040301                     
1040001300010U 46000000000000000000000000000000000000000000000000000000000000000000000000917000000000000917000000000000000000000000000000100220261102202600000000000000000000000000000000000000000000000000000000000000000000000000000000       
1040001300011T 460000004910850000000   14999000002935024012935024        100220260000000000336411360000002935024                  092023496123000160TRAMONTIN LOTEAMENTO SPE LTDA                     000000000000000040301                     
1040001300012U 46000000000000000000000000000000000000000000000000000000000000000000000033641000000000033641000000000000000000000000000000100220261102202600000000000000000000000000000000000000000000000000000000000000000000000000000000       
1040001300013T 460000004910850000000   14999000002936702012936702        120320260000000000399022600107002936702                  091000080013031953MARIZA CARBONI                                    000000000000000620300                     
1040001300014U 46000000000000000000000000000000000000000000000000000000000000000000000039902000000000039902000000000000000000000000000000100220261002202600000000000000000000000000000000000000000000000000000000000000000000000000000000       
10400015         00001600000000000000000000000000000000000000000000000000000000000000000000000000000000000000000000                                                                                                                             
10499999         000001000018                                                                                                                                                                                                                   
