10400000         2829265510001450000000000000000000001070749108500000000MUNICIPIO DE BRACO DO NORTE   C ECON FEDERAL                          71002202618511200004304000000                    RET ONLINE-PRODUCAO               000            
10400011T0100030 20829265510001450000000000000000000001070749108500000000MUNICIPIO DE BRACO DO NORTE                                                                                   00000043100220260000000000                          00   
1040001300001T 460000004910850000000   14999000002909963712909963        100220260000000005613520010000002909963                  092018660862000106EFFISA INDUSTRIA DE MAQUINAS LTDA                 000000000000000040301                     
1040001300002U 46000000000000000000000000000000000000000000000000000000000000000000000561352000000000561352000000000000000000000000000000100220261102202600000000000000000000000000000000000000000000000000000000000000000000000000000000       
1040001300003T 460000004910850000000   14999000002922349412922349        100220260000000000440747480000002922349                  092044895672000188L.C. PROAGRO LTDA                                 000000000000000040301                     
1040001300004U 46000000000000000000000000000000000000000000000000000000000000000000000044074000000000044074000000000000000000000000000000100220261102202600000000000000000000000000000000000000000000000000000000000000000000000000000000       
1040001300005T 460000004910850000000   14999000002924302912924302        100220260000000000010002370000002924302                  091000000526235993ALEXANDRE FRAZAO DA ROSA                          000000000000000040301                     
1040001300006U 46000000000000000000000000000000000000000000000000000000000000000000000001000000000000001000000000000000000000000000000000100220261102202600000000000000000000000000000000000000000000000000000000000000000000000000000000       
1040001300007T 460000004910850000000   14999000002934847512934847        100220260000000000051780010000002934847                  092018660862000106EFFISA INDUSTRIA DE MAQUINAS LTDA                 000000000000000040301                     
1040001300008U 46000000000000000000000000000000000000000000000000000000000000000000000005178000000000005178000000000000000000000000000000100220261102202600000000000000000000000000000000000000000000000000000000000000000000000000000000       
1040001300009T 460000004910850000000   14999000002934895512934895        100220260000000002294487560000002934895                  092015567786000109ART EMPREENDIMENTOS IMOBILIARIOS LTDA             000000000000000040301                     
1040001300010U 46000000000000000000000000000000000000000000000000000000000000000000000229448000000000229448000000000000000000000000000000100220261102202600000000000000000000000000000000000000000000000000000000000000000000000000000000       
1040001300011T 460000004910850000000   14999000002934969212934969        100220260000000000312161040107002934969                  092008256219000168MOLDURAS AGUIAR LTDA                              000000000000000020101                     
1040001300012U 46000000000000000000000000000000000000000000000000000000000000000000000031216000000000031216000000000000000000000000000000100220261102202600000000000000000000000000000000000000000000000000000000000000000000000000000000       
1040001300013T 460000004910850000000   14999000002935009712935009        100220260000000005056447480000002935009                  092054227221000126RESIDENCIAL ZENITH SPE LTDA                       000000000000000040301                     
1040001300014U 46000000000000000000000000000000000000000000000000000000000000000000000505644000000000505644000000000000000000000000000000100220261102202600000000000000000000000000000000000000000000000000000000000000000000000000000000       
10400015         00001600000000000000000000000000000000000000000000000000000000000000000000000000000000000000000000                                                                                                                             
10499999         000001000018                                                                                                                                                                                                                   
