10400000         2829265510001450000000000000000000001070749108500000000MUNICIPIO DE BRACO DO NORTE   C ECON FEDERAL                          71002202616062100003204000000                    RET ONLINE-PRODUCAO               000            
10400011T0100030 20829265510001450000000000000000000001070749108500000000MUNICIPIO DE BRACO DO NORTE                                                                                   00000032100220260000000000                          00   
1040001300001T 460000004910850000000   14999000002907521512907521        060320260000000000735621040107002907521                  092041552396000167COLUMBIA HOLDING DE PARTICIPACOES S.A             000000000000000060301                     
1040001300002U 46000000000000000000000000000000000000000000000000000000000000000000000073562000000000073562000000000000000000000000000000100220261102202600000000000000000000000000000000000000000000000000000000000000000000000000000000       
1040001300003T 460000004910850000000   14999000002911913112911913        100220260000000000409121040107002911913                  091000062092472968MARCIO WALTER DE SOUZA                            000000000000000020101                     
1040001300004U 46000000000000000000000000010408000000000000000000000000000000000000000030504000000000030504000000000000000000000000000000100220261102202600000000000000000000000000000000000000000000000000000000000000000000000000000000       
1040001300005T 460000004910850000000   14999000002930156812930156        100220260000000000077013410000002930156                  092086184074018198EUGENIO RAULINO KOERICH S/A COMERCIO E I          000000000000000040301                     
1040001300006U 46000000000000000000000000000000000000000000000000000000000000000000000007701000000000007701000000000000000000000000000000100220261102202600000000000000000000000000000000000000000000000000000000000000000000000000000000       
1040001300007T 460000004910850000000   14999000002930397812930397        100220260000000000013142370000002930397                  092041460321000156DSM COMERCIO ONLINE LTDA                          000000000000000040301                     
1040001300008U 46000000000000000000000000000000000000000000000000000000000000000000000001314000000000001314000000000000000000000000000000100220261102202600000000000000000000000000000000000000000000000000000000000000000000000000000000       
1040001300009T 460000004910850000000   14999000002934825412934825        100220260000000000003831040107002934825                  092002631310000130FARMACIA FELINI LTDA                              000000000000000020101                     
1040001300010U 46000000000000000000000000000000000000000000000000000000000000000000000000383000000000000383000000000000000000000000000000100220261102202600000000000000000000000000000000000000000000000000000000000000000000000000000000       
1040001300011T 460000004910850000000   14999000002934996012934996        100220260000000000607253410000002934996                  092073243644000184FRIGORIFICO BRS LTDA                              000000000000000040301                     
1040001300012U 46000000000000000000000000000000000000000000000000000000000000000000000060725000000000060725000000000000000000000000000000100220261102202600000000000000000000000000000000000000000000000000000000000000000000000000000000       
10400015         00001400000000000000000000000000000000000000000000000000000000000000000000000000000000000000000000                                                                                                                             
10499999         000001000016                                                                                                                                                                                                                   
