10400000         2829265510001450000000000000000000001070749108500000000MUNICIPIO DE BRACO DO NORTE   C ECON FEDERAL                          71002202616214800003304000000                    RET ONLINE-PRODUCAO               000            
10400011T0100030 20829265510001450000000000000000000001070749108500000000MUNICIPIO DE BRACO DO NORTE                                                                                   00000033100220260000000000                          00   
1040001300001T 460000004910850000000   14999000002894153912894153        100220260000000000699471040107002894153                  091000087155460982LEOMAR MENDES                                     000000000000000020101                     
1040001300002U 46000000000000000000000000022416000000000000000000000000000000000000000047531000000000047531000000000000000000000000000000100220261102202600000000000000000000000000000000000000000000000000000000000000000000000000000000       
1040001300003T 460000004910850000000   14999000002913622212913622        060320260000000000735621040107002913622                  092017312389000103LEO ADMINISTRADORA DE IMOVEIS LTDA                000000000000000060301                     
1040001300004U 46000000000000000000000000000000000000000000000000000000000000000000000073562000000000073562000000000000000000000000000000100220261102202600000000000000000000000000000000000000000000000000000000000000000000000000000000       
1040001300005T 460000004910850000000   14999000002922269212922269        100220260000000000071602370000002922269                  092009356547000107TOP CENTER COMERCIO DE MAQUINAS LTDA              000000000000000040301                     
1040001300006U 46000000000000000000000000000000000000000000000000000000000000000000000007160000000000007160000000000000000000000000000000100220261102202600000000000000000000000000000000000000000000000000000000000000000000000000000000       
1040001300007T 460000004910850000000   14999000002922440712922440        100220260000000000022002370000002922440                  092009356547000107TOP CENTER COMERCIO DE MAQUINAS LTDA              000000000000000040301                     
1040001300008U 46000000000000000000000000000000000000000000000000000000000000000000000002200000000000002200000000000000000000000000000000100220261102202600000000000000000000000000000000000000000000000000000000000000000000000000000000       
1040001300009T 460000004910850000000   14999000002934821112934821        100220260000000000659804220000002934821                  092000807422000416LATICINIOS EXTERKOETER LTDA                       000000000000000040301                     
1040001300010U 46000000000000000000000000000000000000000000000000000000000000000000000065980000000000065980000000000000000000000000000000100220261102202600000000000000000000000000000000000000000000000000000000000000000000000000000000       
10400015         00001200000000000000000000000000000000000000000000000000000000000000000000000000000000000000000000                                                                                                                             
10499999         000001000014                                                                                                                                                                                                                   
