10400000         2829265510001450000000000000000000001070749108500000000MUNICIPIO DE BRACO DO NORTE   C ECON FEDERAL                          71002202608371600000404000000                    RET ONLINE-PRODUCAO               000            
10400011T0100030 20829265510001450000000000000000000001070749108500000000MUNICIPIO DE BRACO DO NORTE                                                                                   00000004100220260000000000                          00   
1040001300001T 460000004910850000000   14999000002924678812924678        080620260000000002151430010000002924678                  091000091576369900VALDINEI MONTEIRO ELIZEU                          000000000000000040301                     
1040001300002U 46000000000000000000000000000000000000000000000000000000000000000000000215143000000000215143000000000000000000000000000000100220261102202600000000000000000000000000000000000000000000000000000000000000000000000000000000       
1040001300003T 460000004910850000000   14999000002924679612924679        080620260000000001163150010000002924679                  091000091576369900VALDINEI MONTEIRO ELIZEU                          000000000000000040301                     
1040001300004U 46000000000000000000000000000000000000000000000000000000000000000000000116315000000000116315000000000000000000000000000000100220261102202600000000000000000000000000000000000000000000000000000000000000000000000000000000       
1040001300005T 460000004910850000000   14999000002924680012924680        080620260000000001163150010000002924680                  091000091576369900VALDINEI MONTEIRO ELIZEU                          000000000000000040301                     
1040001300006U 46000000000000000000000000000000000000000000000000000000000000000000000116315000000000116315000000000000000000000000000000100220261102202600000000000000000000000000000000000000000000000000000000000000000000000000000000       
1040001300007T 460000004910850000000   14999000002930183512930183        100220260000000000079320010000002930183                  092083807586000128COMPANHIA INTEGR. DE DESN. AGRIC. DE S.           000000000000000040301                     
1040001300008U 46000000000000000000000000000000000000000000000000000000000000000000000007932000000000007932000000000000000000000000000000100220261102202600000000000000000000000000000000000000000000000000000000000000000000000000000000       
10400015         00001000000000000000000000000000000000000000000000000000000000000000000000000000000000000000000000                                                                                                                             
10499999         000001000012                                                                                                                                                                                                                   
