10400000         2829265510001450000000000000000000001070749108500000000MUNICIPIO DE BRACO DO NORTE   C ECON FEDERAL                          71002202614512800002904000000                    RET ONLINE-PRODUCAO               000            
10400011T0100030 20829265510001450000000000000000000001070749108500000000MUNICIPIO DE BRACO DO NORTE                                                                                   00000029100220260000000000                          00   
1040001300001T 460000004910850000000   14999000002895438012895438        120220260000000000630711040107002895438                  091000053394160978JOSE NAZARIO                                      000000000000000620300                     
1040001300002U 46000000000000000000000000013106000000000000000000000000000000000000000049965000000000049965000000000000000000000000000000100220261002202600000000000000000000000000000000000000000000000000000000000000000000000000000000       
1040001300003T 460000004910850000000   14999000002909951312909951        100220260000000001670960010000002909951                  092007924993000137TURAMIX INDUSTRIA E COMERCIO LTDA                 000000000000000040301                     
1040001300004U 46000000000000000000000000000000000000000000000000000000000000000000000167096000000000167096000000000000000000000000000000100220261102202600000000000000000000000000000000000000000000000000000000000000000000000000000000       
1040001300005T 460000004910850000000   14999000002922239012922239        100220260000000003264407560000002922239                  092004209189000188COLEGIO RADIAR LTDA                               000000000000000040301                     
1040001300006U 46000000000000000000000000000000000000000000000000000000000000000000000326440000000000326440000000000000000000000000000000100220261102202600000000000000000000000000000000000000000000000000000000000000000000000000000000       
1040001300007T 460000004910850000000   14999000002922337012922337        100220260000000001919467560000002922337                  092035363726000173COLEGIO RADIAR INFANTIL LTDA                      000000000000000040301                     
1040001300008U 46000000000000000000000000000000000000000000000000000000000000000000000191946000000000191946000000000000000000000000000000100220261102202600000000000000000000000000000000000000000000000000000000000000000000000000000000       
1040001300009T 460000004910850000000   14999000002922410512922410        100220260000000000007820410000002922410                  092096418264044500LOJAS QUERO-QUERO S.A.                            000000000000000040301                     
1040001300010U 46000000000000000000000000000000000000000000000000000000000000000000000000782000000000000782000000000000000000000000000000100220261102202600000000000000000000000000000000000000000000000000000000000000000000000000000000       
1040001300011T 460000004910850000000   14999000002924375412924375        060320260000000001798740010000002924375                  092011922539000114SUL AMERICA INDUSTRIA DE MOLDURAS S.A             000000000000000040301                     
1040001300012U 46000000000000000000000000000000000000000000000000000000000000000000000179874000000000179874000000000000000000000000000000100220261102202600000000000000000000000000000000000000000000000000000000000000000000000000000000       
1040001300013T 460000004910850000000   14999000002930362512930362        100220260000000000420800010000002930362                  092011922539000114SUL AMERICA INDUSTRIA DE MOLDURAS S.A             000000000000000040301                     
1040001300014U 46000000000000000000000000000000000000000000000000000000000000000000000042080000000000042080000000000000000000000000000000100220261102202600000000000000000000000000000000000000000000000000000000000000000000000000000000       
1040001300015T 460000004910850000000   14999000002935020812935020        100220260000000000536613410000002935020                  092085325868000114IBMF INDUSTRIA DE MATERIAIS PARA CONSTRU          000000000000000040301                     
1040001300016U 46000000000000000000000000000000000000000000000000000000000000000000000053661000000000053661000000000000000000000000000000100220261102202600000000000000000000000000000000000000000000000000000000000000000000000000000000       
1040001300017T 460000004910850000000   14999000002936661912936661        100220260000000000230551040107002936661                  091000007013818925LETICIA APARECIDA VOLPATO DA SILVA                000000000000000620300                     
1040001300018U 46000000000000000000000000005102000000000000000000000000000000000000000017953000000000017953000000000000000000000000000000100220261002202600000000000000000000000000000000000000000000000000000000000000000000000000000000       
10400015         00002000000000000000000000000000000000000000000000000000000000000000000000000000000000000000000000                                                                                                                             
10499999         000001000022                                                                                                                                                                                                                   
