10400000         2829265510001450000000000000000000001070749108500000000MUNICIPIO DE BRACO DO NORTE   C ECON FEDERAL                          71002202610380300001204000000                    RET ONLINE-PRODUCAO               000            
10400011T0100030 20829265510001450000000000000000000001070749108500000000MUNICIPIO DE BRACO DO NORTE                                                                                   00000012100220260000000000                          00   
1040001300001T 460000004910850000000   14999000002894246212894246        100220260000000003163911040107002894246                  091000090764374915VALDETE DE MELO STEFFEN                           000000000000000020101                     
1040001300002U 46000000000000000000000000136440000000000000000000000000000000000000000179951000000000179951000000000000000000000000000000100220261102202600000000000000000000000000000000000000000000000000000000000000000000000000000000       
1040001300003T 460000004910850000000   14999000002922233112922233        100220260000000002400003410000002922233                  092028078520000136VORTAC CONSULTORIA AERONAUTICA LTDA               000000000000000040301                     
1040001300004U 46000000000000000000000000000000000000000000000000000000000000000000000240000000000000240000000000000000000000000000000000100220261102202600000000000000000000000000000000000000000000000000000000000000000000000000000000       
1040001300005T 460000004910850000000   14999000002930319612930319        100220260000000002037331040107002930319                  092012731343000105CONQUISTA CONSTRUTORA E INCORPORADORA LT          000000000000000060301                     
1040001300006U 46000000000000000000000000000000000000000000000000000000000000000000000203733000000000203733000000000000000000000000000000100220261102202600000000000000000000000000000000000000000000000000000000000000000000000000000000       
1040001300007T 460000004910850000000   14999000002930342012930342        100220260000000000826803410000002930342                  092012713820000100FRAGA CONSTRUCOES E ENGENHARIA LTDA               000000000000000040301                     
1040001300008U 46000000000000000000000000000000000000000000000000000000000000000000000082680000000000082680000000000000000000000000000000100220261102202600000000000000000000000000000000000000000000000000000000000000000000000000000000       
1040001300009T 460000004910850000000   14999000002934991912934991        100220260000000000004627480000002934991                  092005570644000139BITENCOURT E MICHELS MICHELETO LTDA               000000000000000040301                     
1040001300010U 46000000000000000000000000000000000000000000000000000000000000000000000000462000000000000462000000000000000000000000000000100220261102202600000000000000000000000000000000000000000000000000000000000000000000000000000000       
10400015         00001200000000000000000000000000000000000000000000000000000000000000000000000000000000000000000000                                                                                                                             
10499999         000001000014                                                                                                                                                                                                                   
