10400000         2829265510001450000000000000000000001070749108500000000MUNICIPIO DE BRACO DO NORTE   C ECON FEDERAL                          71002202611513900001704000000                    RET ONLINE-PRODUCAO               000            
10400011T0100030 20829265510001450000000000000000000001070749108500000000MUNICIPIO DE BRACO DO NORTE                                                                                   00000017100220260000000000                          00   
1040001300001T 460000004910850000000   14999000002908104512908104        170220260000000000224371040107002908104                  091000048227455972ESPOLIO DE HILDA MARIA RODRIGUES                  000000000000000020101                     
1040001300002U 46000000000000000000000000006334000000000000000000000000000000000000000016103000000000016103000000000000000000000000000000100220261102202600000000000000000000000000000000000000000000000000000000000000000000000000000000       
1040001300003T 460000004910850000000   14999000002923592112923592        060320260000000002458801360000002923592                  092058071433000118SCP CONDOMINIO ALTO DAS MANSOES LTDA              000000000000000040301                     
1040001300004U 46000000000000000000000000000000000000000000000000000000000000000000000245880000000000245880000000000000000000000000000000100220261102202600000000000000000000000000000000000000000000000000000000000000000000000000000000       
1040001300005T 460000004910850000000   14999000002930294712930294        100220260000000001502187480000002930294                  091000079930182934AMBROSIO MICHELS MEURER                           000000000000000040301                     
1040001300006U 46000000000000000000000000000000000000000000000000000000000000000000000150218000000000150218000000000000000000000000000000100220261102202600000000000000000000000000000000000000000000000000000000000000000000000000000000       
1040001300007T 460000004910850000000   14999000002934837812934837        100220260000000000043650010000002934837                  092083573212010158COOPERATIVA DE PRODUCAO E CONSUMO CONCOR          000000000000000040301                     
1040001300008U 46000000000000000000000000000000000000000000000000000000000000000000000004365000000000004365000000000000000000000000000000100220261102202600000000000000000000000000000000000000000000000000000000000000000000000000000000       
1040001300009T 460000004910850000000   14999000002934849112934849        100220260000000000020060010000002934849                  092083573212013335COOPERATIVA DE PRODUCAO E CONSUMO CONCOR          000000000000000040301                     
1040001300010U 46000000000000000000000000000000000000000000000000000000000000000000000002006000000000002006000000000000000000000000000000100220261102202600000000000000000000000000000000000000000000000000000000000000000000000000000000       
1040001300011T 460000004910850000000   14999000002935001112935001        100220260000000003196413410000002935001                  092042236584000149BNM URBANIZACAO LTDA                              000000000000000040301                     
1040001300012U 46000000000000000000000000000000000000000000000000000000000000000000000319641000000000319641000000000000000000000000000000100220261102202600000000000000000000000000000000000000000000000000000000000000000000000000000000       
10400015         00001400000000000000000000000000000000000000000000000000000000000000000000000000000000000000000000                                                                                                                             
10499999         000001000016                                                                                                                                                                                                                   
