10400000         2829265510001450000000000000000000001070749108500000000MUNICIPIO DE BRACO DO NORTE   C ECON FEDERAL                          71002202612372500002004000000                    RET ONLINE-PRODUCAO               000            
10400011T0100030 20829265510001450000000000000000000001070749108500000000MUNICIPIO DE BRACO DO NORTE                                                                                   00000020100220260000000000                          00   
1040001300001T 460000004910850000000   14999000002913540412913540        120220260000000001132240010107002913540                  091000090689968949EDESIO RODRIGUES NAZARIO                          000000000000000620300                     
1040001300002U 46000000000000000000000000049125000000000000000000000000000000000000000064099000000000064099000000000000000000000000000000100220261002202600000000000000000000000000000000000000000000000000000000000000000000000000000000       
1040001300003T 460000004910850000000   14999000002922379612922379        100220260000000000864367560000002922379                  092046817942000249OLIM MAQ COMERCIO DE MAQUINAS AGRICOLAS           000000000000000040301                     
1040001300004U 46000000000000000000000000000000000000000000000000000000000000000000000086436000000000086436000000000000000000000000000000100220261102202600000000000000000000000000000000000000000000000000000000000000000000000000000000       
1040001300005T 460000004910850000000   14999000002922385012922385        100220260000000000134587560000002922385                  092086433042000131COOPERATIVA DE ELETRIFICACAO DE BRACO DO          000000000000000040301                     
1040001300006U 46000000000000000000000000000000000000000000000000000000000000000000000013458000000000013458000000000000000000000000000000100220261102202600000000000000000000000000000000000000000000000000000000000000000000000000000000       
1040001300007T 460000004910850000000   14999000002923560312923560        060320260000000002340581360000002923560                  092060638083000170GARTEN HAUS SCP                                   000000000000000040301                     
1040001300008U 46000000000000000000000000000000000000000000000000000000000000000000000234058000000000234058000000000000000000000000000000100220261102202600000000000000000000000000000000000000000000000000000000000000000000000000000000       
1040001300009T 460000004910850000000   14999000002930190812930190        100220260000000000005407560000002930190                  092046817942000249OLIM MAQ COMERCIO DE MAQUINAS AGRICOLAS           000000000000000040301                     
1040001300010U 46000000000000000000000000000000000000000000000000000000000000000000000000540000000000000540000000000000000000000000000000100220261102202600000000000000000000000000000000000000000000000000000000000000000000000000000000       
1040001300011T 460000004910850000000   14999000002930221112930221        100220260000000001008740010000002930221                  092001838723006400BRF S.A.                                          000000000000000040301                     
1040001300012U 46000000000000000000000000000000000000000000000000000000000000000000000100874000000000100874000000000000000000000000000000100220261102202600000000000000000000000000000000000000000000000000000000000000000000000000000000       
1040001300013T 460000004910850000000   14999000002930391912930391        100220260000000007099477560000002930391                  092055709823000182THE ONE RESIDENCE SPE LTDA                        000000000000000040301                     
1040001300014U 46000000000000000000000000000000000000000000000000000000000000000000000709947000000000709947000000000000000000000000000000100220261102202600000000000000000000000000000000000000000000000000000000000000000000000000000000       
1040001300015T 460000004910850000000   14999000002934939012934939        100220260000000006153997560000002934939                  092086433042000131COOPERATIVA DE ELETRIFICACAO DE BRACO DO          000000000000000040301                     
1040001300016U 46000000000000000000000000000000000000000000000000000000000000000000000615399000000000615399000000000000000000000000000000100220261102202600000000000000000000000000000000000000000000000000000000000000000000000000000000       
1040001300017T 460000004910850000000   14999000002934946312934946        100220260000000002265970010000002934946                  091000002181429944LUIZ FERNANDO FREITAS STRADIOTTO                  000000000000000040301                     
1040001300018U 46000000000000000000000000000000000000000000000000000000000000000000000226597000000000226597000000000000000000000000000000100220261102202600000000000000000000000000000000000000000000000000000000000000000000000000000000       
10400015         00002000000000000000000000000000000000000000000000000000000000000000000000000000000000000000000000                                                                                                                             
10499999         000001000022                                                                                                                                                                                                                   
