10400000         2829265510001450000000000000000000001070749108500000000MUNICIPIO DE BRACO DO NORTE   C ECON FEDERAL                          71002202619363700004504000000                    RET ONLINE-PRODUCAO               000            
10400011T0100030 20829265510001450000000000000000000001070749108500000000MUNICIPIO DE BRACO DO NORTE                                                                                   00000045100220260000000000                          00   
1040001300001T 460000004910850000000   14999000002925526412925526        080620260000000000507960010000002925526                  091000034220780963ESPOLIO DE OLANDINO ONOFRE VITORETI               000000000000000040301                     
1040001300002U 46000000000000000000000000000000000000000000000000000000000000000000000050796000000000050796000000000000000000000000000000100220261102202600000000000000000000000000000000000000000000000000000000000000000000000000000000       
1040001300003T 460000004910850000000   14999000002935034812935034        100220260000000002071701360000002935034                  092046498704000137ESPLENDOR  RESIDENCIAL SPE LTDA                   000000000000000040301                     
1040001300004U 46000000000000000000000000000000000000000000000000000000000000000000000207170000000000207170000000000000000000000000000000100220261102202600000000000000000000000000000000000000000000000000000000000000000000000000000000       
1040001300005T 460000004910850000000   14999000002935490412935490        110320260000000000147052370000002935490                  091000006463411973MAGAYVER ELIAS                                    000000000000000040301                     
1040001300006U 46000000000000000000000000000000000000000000000000000000000000000000000014705000000000014705000000000000000000000000000000100220261102202600000000000000000000000000000000000000000000000000000000000000000000000000000000       
10400015         00000800000000000000000000000000000000000000000000000000000000000000000000000000000000000000000000                                                                                                                             
10499999         000001000010                                                                                                                                                                                                                   
