10400000         2829265510001450000000000000000000001070749108500000000MUNICIPIO DE BRACO DO NORTE   C ECON FEDERAL                          71002202614374800002804000000                    RET ONLINE-PRODUCAO               000            
10400011T0100030 20829265510001450000000000000000000001070749108500000000MUNICIPIO DE BRACO DO NORTE                                                                                   00000028100220260000000000                          00   
1040001300001T 460000004910850000000   14999000002894353112894353        100220260000000005731391040107002894353                  092008386304000140GERADORA DE ENERGIA SAO LUDGERO SA                000000000000000020101                     
1040001300002U 46000000000000000000000000199446000000000000000000000000000000000000000373693000000000373693000000000000000000000000000000100220261102202600000000000000000000000000000000000000000000000000000000000000000000000000000000       
1040001300003T 460000004910850000000   14999000002909964512909964        100220260000000006034131040108402909964                  092001273320000692CONCRETAR CONCRETO USINADO LTDA                   000000000000000060301                     
1040001300004U 46000000000000000000000000000000000000000000000000000000000000000000000603413000000000603413000000000000000000000000000000100220261102202600000000000000000000000000000000000000000000000000000000000000000000000000000000       
1040001300005T 460000004910850000000   14999000002924891812924891        100220260000000000119351360000002924891                  092041505682000171VALE INOVAR TECNOLOGIA LTDA                       000000000000000040301                     
1040001300006U 46000000000000000000000000000000000000000000000000000000000000000000000011935000000000011935000000000000000000000000000000100220261102202600000000000000000000000000000000000000000000000000000000000000000000000000000000       
1040001300007T 460000004910850000000   14999000002930321812930321        100220260000000000423940010000002930321                  092003427097001426COOPERATIVA DE CREDITO DE LIVRE ADMISSAO          000000000000000040301                     
1040001300008U 46000000000000000000000000000000000000000000000000000000000000000000000042394000000000042394000000000000000000000000000000100220261102202600000000000000000000000000000000000000000000000000000000000000000000000000000000       
1040001300009T 460000004910850000000   14999000002934820312934820        100220260000000000136200010000002934820                  092007958405000348COOPERATIVA DE CREDITO E ECONOMIA COM IN          000000000000000040301                     
1040001300010U 46000000000000000000000000000000000000000000000000000000000000000000000013620000000000013620000000000000000000000000000000100220261102202600000000000000000000000000000000000000000000000000000000000000000000000000000000       
1040001300011T 460000004910850000000   14999000002934823812934823        100220260000000000335320010000002934823                  092007958405000348COOPERATIVA DE CREDITO E ECONOMIA COM IN          000000000000000040301                     
1040001300012U 46000000000000000000000000000000000000000000000000000000000000000000000033532000000000033532000000000000000000000000000000100220261102202600000000000000000000000000000000000000000000000000000000000000000000000000000000       
1040001300013T 460000004910850000000   14999000002934871812934871        100220260000000000005001040108402934871                  092001273320000692CONCRETAR CONCRETO USINADO LTDA                   000000000000000060301                     
1040001300014U 46000000000000000000000000000000000000000000000000000000000000000000000000500000000000000500000000000000000000000000000000100220261102202600000000000000000000000000000000000000000000000000000000000000000000000000000000       
1040001300015T 460000004910850000000   14999000002934912912934912        100220260000000000331110010000002934912                  092007924993000137TURAMIX INDUSTRIA E COMERCIO LTDA                 000000000000000040301                     
1040001300016U 46000000000000000000000000000000000000000000000000000000000000000000000033111000000000033111000000000000000000000000000000100220261102202600000000000000000000000000000000000000000000000000000000000000000000000000000000       
1040001300017T 460000004910850000000   14999000002934913712934913        100220260000000000004630010000002934913                  092007924993000137TURAMIX INDUSTRIA E COMERCIO LTDA                 000000000000000040301                     
1040001300018U 46000000000000000000000000000000000000000000000000000000000000000000000000463000000000000463000000000000000000000000000000100220261102202600000000000000000000000000000000000000000000000000000000000000000000000000000000       
1040001300019T 460000004910850000000   14999000002934933112934933        100220260000000000441367560000002934933                  092011589937000160MJ NIEHUES EMPREENDIMENTOS IMOBILIARIOS           000000000000000040301                     
1040001300020U 46000000000000000000000000000000000000000000000000000000000000000000000044136000000000044136000000000000000000000000000000100220261102202600000000000000000000000000000000000000000000000000000000000000000000000000000000       
1040001300021T 460000004910850000000   14999000002934949812934949        100220260000000008842280010000002934949                  092082508433000117COMPANHIA CATARINENSE DE AGUAS E SANEAME          000000000000000040301                     
1040001300022U 46000000000000000000000000000000000000000000000000000000000000000000000884228000000000884228000000000000000000000000000000100220261102202600000000000000000000000000000000000000000000000000000000000000000000000000000000       
1040001300023T 460000004910850000000   14999000002936655412936655        080620260000000001084581040107002936655                  091000028814690944ARISTIDES OLIVAR BEZA                             000000000000000020101                     
1040001300024U 46000000000000000000000000022652000000000000000000000000000000000000000085806000000000085806000000000000000000000000000000100220261102202600000000000000000000000000000000000000000000000000000000000000000000000000000000       
1040001300025T 460000004910850000000   14999000002936660012936660        080620260000000000743321040107002936660                  091000004799094904JULIANA BEZA LESSA                                000000000000000020101                     
1040001300026U 46000000000000000000000000012414000000000000000000000000000000000000000061918000000000061918000000000000000000000000000000100220261102202600000000000000000000000000000000000000000000000000000000000000000000000000000000       
10400015         00002800000000000000000000000000000000000000000000000000000000000000000000000000000000000000000000                                                                                                                             
10499999         000001000030                                                                                                                                                                                                                   
