10400000         2829265510001450000000000000000000001070749108500000000MUNICIPIO DE BRACO DO NORTE   C ECON FEDERAL                          71002202608071700000204000000                    RET ONLINE-PRODUCAO               000            
10400011T0100030 20829265510001450000000000000000000001070749108500000000MUNICIPIO DE BRACO DO NORTE                                                                                   00000002100220260000000000                          00   
1040001300001T 460000004910850000000   14999000002934814912934814        100220260000000000508601040107902934814                  092015263732000494CONSTRUTORA CECHINEL E PIZZOLATTI LTDA            000000000000000060301                     
1040001300002U 46000000000000000000000000000000000000000000000000000000000000000000000050860000000000050860000000000000000000000000000000100220261102202600000000000000000000000000000000000000000000000000000000000000000000000000000000       
10400015         00000400000000000000000000000000000000000000000000000000000000000000000000000000000000000000000000                                                                                                                             
10499999         000001000006                                                                                                                                                                                                                   
