10400000         2829265510001450000000000000000000001070749108500000000MUNICIPIO DE BRACO DO NORTE   C ECON FEDERAL                          71002202613381500002404000000                    RET ONLINE-PRODUCAO               000            
10400011T0100030 20829265510001450000000000000000000001070749108500000000MUNICIPIO DE BRACO DO NORTE                                                                                   00000024100220260000000000                          00   
1040001300001T 460000004910850000000   14999000002914015712914015        170220260000000000273771040107002914015                  091000087091607953MARIA DAS DORES VERGINIO BRAZ                     000000000000000020101                     
1040001300002U 46000000000000000000000000007266000000000000000000000000000000000000000020111000000000020111000000000000000000000000000000100220261102202600000000000000000000000000000000000000000000000000000000000000000000000000000000       
1040001300003T 460000004910850000000   14999000002916619912916619        260220260000000000261557560000002916619                  091000003007934990ANA PAULA NIEHUES GUIZONI                         000000000000000040301                     
1040001300004U 46000000000000000000000000013418000000000000000000000000000000000000000012737000000000012737000000000000000000000000000000100220261102202600000000000000000000000000000000000000000000000000000000000000000000000000000000       
1040001300005T 460000004910850000000   14999000002923669312923669        060320260000000000843221040042502923669                  092054496123000194DPT ENGENHARIA LTDA                               000000000000000020101                     
1040001300006U 46000000000000000000000000000000000000000000000000000000000000000000000084322000000000084322000000000000000000000000000000100220261102202600000000000000000000000000000000000000000000000000000000000000000000000000000000       
1040001300007T 460000004910850000000   14999000002936295812936295        130220260000000000248100010000002936295                  091000007477151902GEOVANE RAMOS COSTA                               000000000000000040301                     
1040001300008U 46000000000000000000000000007004000000000000000000000000000000000000000017806000000000017806000000000000000000000000000000100220261102202600000000000000000000000000000000000000000000000000000000000000000000000000000000       
10400015         00001000000000000000000000000000000000000000000000000000000000000000000000000000000000000000000000                                                                                                                             
10499999         000001000012                                                                                                                                                                                                                   
