10400000         2829265510001450000000000000000000001070749108500000000MUNICIPIO DE BRACO DO NORTE   C ECON FEDERAL                          71002202614211900002704000000                    RET ONLINE-PRODUCAO               000            
10400011T0100030 20829265510001450000000000000000000001070749108500000000MUNICIPIO DE BRACO DO NORTE                                                                                   00000027100220260000000000                          00   
1040001300001T 460000004910850000000   14999000002909965312909965        100220260000000000086077560000002909965                  092023744587000149DUESSMANN E AGOSTINHO COMERCIO E REPRESE          000000000000000040301                     
1040001300002U 46000000000000000000000000000000000000000000000000000000000000000000000008607000000000008607000000000000000000000000000000100220261102202600000000000000000000000000000000000000000000000000000000000000000000000000000000       
1040001300003T 460000004910850000000   14999000002922266812922266        100220260000000000032407560000002922266                  092009658940000147TAKAEL COMERCIO E TRANSPORTES DE CEREAIS          000000000000000040301                     
1040001300004U 46000000000000000000000000000000000000000000000000000000000000000000000003240000000000003240000000000000000000000000000000100220261102202600000000000000000000000000000000000000000000000000000000000000000000000000000000       
1040001300005T 460000004910850000000   14999000002923886612923886        100220260000000000200007560000002923886                  091000004686556970EDUARDO SCHMITZ CLAUDIO                           000000000000000040301                     
1040001300006U 46000000000000000000000000000000000000000000000000000000000000000000000020000000000000020000000000000000000000000000000000100220261102202600000000000000000000000000000000000000000000000000000000000000000000000000000000       
1040001300007T 460000004910850000000   14999000002930356012930356        100220260000000000184997560000002930356                  092086829827000128COOPERATIVA DE CREDITO DE LIVRE ADMISSAO          000000000000000040301                     
1040001300008U 46000000000000000000000000000000000000000000000000000000000000000000000018499000000000018499000000000000000000000000000000100220261102202600000000000000000000000000000000000000000000000000000000000000000000000000000000       
1040001300009T 460000004910850000000   14999000002934807612934807        100220260000000006335617560000002934807                  092086829827001876COOPERATIVA DE CREDITO DE LIVRE ADMISSAO          000000000000000040301                     
1040001300010U 46000000000000000000000000000000000000000000000000000000000000000000000633561000000000633561000000000000000000000000000000100220261102202600000000000000000000000000000000000000000000000000000000000000000000000000000000       
1040001300011T 460000004910850000000   14999000002934862912934862        100220260000000001167367560000002934862                  092086829827000128COOPERATIVA DE CREDITO DE LIVRE ADMISSAO          000000000000000040301                     
1040001300012U 46000000000000000000000000000000000000000000000000000000000000000000000116736000000000116736000000000000000000000000000000100220261102202600000000000000000000000000000000000000000000000000000000000000000000000000000000       
1040001300013T 460000004910850000000   14999000002934864512934864        100220260000000004200990010000002934864                  092075821546000102INDUSTRIA E COMERCIO DE MOLDURAS SANTA L          000000000000000040301                     
1040001300014U 46000000000000000000000000000000000000000000000000000000000000000000000420099000000000420099000000000000000000000000000000100220261102202600000000000000000000000000000000000000000000000000000000000000000000000000000000       
1040001300015T 460000004910850000000   14999000002934891212934891        100220260000000000494677560000002934891                  092086829827001876COOPERATIVA DE CREDITO DE LIVRE ADMISSAO          000000000000000040301                     
1040001300016U 46000000000000000000000000000000000000000000000000000000000000000000000049467000000000049467000000000000000000000000000000100220261102202600000000000000000000000000000000000000000000000000000000000000000000000000000000       
1040001300017T 460000004910850000000   14999000002934914512934914        100220260000000000418841360000002934914                  092086437845000164ASSOCIACAO BENEFICENTE SANTA TERESINHA            000000000000000040301                     
1040001300018U 46000000000000000000000000000000000000000000000000000000000000000000000041884000000000041884000000000000000000000000000000100220261102202600000000000000000000000000000000000000000000000000000000000000000000000000000000       
1040001300019T 460000004910850000000   14999000002934918812934918        100220260000000000059450010000002934918                  092075821546000617INDUSTRIA E COMERCIO DE MOLDURAS SANTA L          000000000000000040301                     
1040001300020U 46000000000000000000000000000000000000000000000000000000000000000000000005945000000000005945000000000000000000000000000000100220261102202600000000000000000000000000000000000000000000000000000000000000000000000000000000       
1040001300021T 460000004910850000000   14999000002935010012935010        100220260000000007755202370000002935010                  092060746948033630BANCO BRADESCO S/A                                000000000000000040301                     
1040001300022U 46000000000000000000000000000000000000000000000000000000000000000000000775520000000000775520000000000000000000000000000000100220261102202600000000000000000000000000000000000000000000000000000000000000000000000000000000       
10400015         00002400000000000000000000000000000000000000000000000000000000000000000000000000000000000000000000                                                                                                                             
10499999         000001000026                                                                                                                                                                                                                   
