10400000         2829265510001450000000000000000000001070749108500000000MUNICIPIO DE BRACO DO NORTE   C ECON FEDERAL                          71002202609074700000604000000                    RET ONLINE-PRODUCAO               000            
10400011T0100030 20829265510001450000000000000000000001070749108500000000MUNICIPIO DE BRACO DO NORTE                                                                                   00000006100220260000000000                          00   
1040001300001T 460000004910850000000   14999000002901732012901732        100220260000000000155647560000002901732                  092011455957000149PASTELARIA VOVO DIDA LTDA                         000000000000000040301                     
1040001300002U 46000000000000000000000000002741000000000000000000000000000000000000000012823000000000012823000000000000000000000000000000100220261102202600000000000000000000000000000000000000000000000000000000000000000000000000000000       
1040001300003T 460000004910850000000   14999000002924770912924770        100220260000000001016675090000002924770                  092010749743000112HENGUS CONTABILIDADE LTDA                         000000000000000040301                     
1040001300004U 46000000000000000000000000000000000000000000000000000000000000000000000101667000000000101667000000000000000000000000000000100220261102202600000000000000000000000000000000000000000000000000000000000000000000000000000000       
1040001300005T 460000004910850000000   14999000002929779012929779        060320260000000000309322600000002929779                  092061961877000133ISABELA NOLA DA SILVA LTDA                        000000000000000040301                     
1040001300006U 46000000000000000000000000003093000000000000000000000000000000000000000027839000000000027839000000000000000000000000000000100220261102202600000000000000000000000000000000000000000000000000000000000000000000000000000000       
1040001300007T 460000004910850000000   14999000002934812212934812        100220260000000000058837560000002934812                  092001069357000199FRIGORIFICO EING LTDA                             000000000000000040301                     
1040001300008U 46000000000000000000000000000000000000000000000000000000000000000000000005883000000000005883000000000000000000000000000000100220261102202600000000000000000000000000000000000000000000000000000000000000000000000000000000       
10400015         00001000000000000000000000000000000000000000000000000000000000000000000000000000000000000000000000                                                                                                                             
10499999         000001000012                                                                                                                                                                                                                   
