10400000         2829265510001450000000000000000000001070749108500000000MUNICIPIO DE BRACO DO NORTE   C ECON FEDERAL                          71002202609514300000904000000                    RET ONLINE-PRODUCAO               000            
10400011T0100030 20829265510001450000000000000000000001070749108500000000MUNICIPIO DE BRACO DO NORTE                                                                                   00000009100220260000000000                          00   
1040001300001T 460000004910850000000   14999000002909961012909961        100220260000000001033197480000002909961                  092007432074000146MACROFRIO EQUIPAMENTOS E ISOLAMENTOS PAR          000000000000000040301                     
1040001300002U 46000000000000000000000000000000000000000000000000000000000000000000000103319000000000103319000000000000000000000000000000100220261102202600000000000000000000000000000000000000000000000000000000000000000000000000000000       
1040001300003T 460000004910850000000   14999000002930275012930275        100220260000000000092600010000002930275                  092060735238000197LIRA INCORPORACAO LTDA                            000000000000000040301                     
1040001300004U 46000000000000000000000000000000000000000000000000000000000000000000000009260000000000009260000000000000000000000000000000100220261102202600000000000000000000000000000000000000000000000000000000000000000000000000000000       
10400015         00000600000000000000000000000000000000000000000000000000000000000000000000000000000000000000000000                                                                                                                             
10499999         000001000008                                                                                                                                                                                                                   
