10400000         2829265510001450000000000000000000001070749108500000000MUNICIPIO DE BRACO DO NORTE   C ECON FEDERAL                          71002202614065900002604000000                    RET ONLINE-PRODUCAO               000            
10400011T0100030 20829265510001450000000000000000000001070749108500000000MUNICIPIO DE BRACO DO NORTE                                                                                   00000026100220260000000000                          00   
1040001300001T 460000004910850000000   14999000002922185812922185        060320260000000000702680010000002922185                  092040125594000181MARTINS ENGENHARIA LTDA                           000000000000000040301                     
1040001300002U 46000000000000000000000000000000000000000000000000000000000000000000000070268000000000070268000000000000000000000000000000100220261102202600000000000000000000000000000000000000000000000000000000000000000000000000000000       
1040001300003T 460000004910850000000   14999000002922356712922356        100220260000000000016002600000002922356                  092041760565000154SANTOS SERVICOS DE TERRAPLANAGEM LTDA             000000000000000040301                     
1040001300004U 46000000000000000000000000000000000000000000000000000000000000000000000001600000000000001600000000000000000000000000000000100220261102202600000000000000000000000000000000000000000000000000000000000000000000000000000000       
1040001300005T 460000004910850000000   14999000002930301312930301        100220260000000000005007560000002930301                  092019211470000122OFICINA MFC LTDA                                  000000000000000040301                     
1040001300006U 46000000000000000000000000000000000000000000000000000000000000000000000000500000000000000500000000000000000000000000000000100220261102202600000000000000000000000000000000000000000000000000000000000000000000000000000000       
1040001300007T 460000004910850000000   14999000002930332312930332        100220260000000000557354220000002930332                  092002831172011681KOCH HIPERMERCADO S/A                             000000000000000040301                     
1040001300008U 46000000000000000000000000000000000000000000000000000000000000000000000055735000000000055735000000000000000000000000000000100220261102202600000000000000000000000000000000000000000000000000000000000000000000000000000000       
1040001300009T 460000004910850000000   14999000002934899812934899        100220260000000000307534220000002934899                  092083305235005005COOPERATIVA AGROINDUSTRIAL ALFA                   000000000000000040301                     
1040001300010U 46000000000000000000000000000000000000000000000000000000000000000000000030753000000000030753000000000000000000000000000000100220261102202600000000000000000000000000000000000000000000000000000000000000000000000000000000       
1040001300011T 460000004910850000000   14999000002936649012936649        100220260000000000274421040107002936649                  091000087091607953MARIA DAS DORES VERGINIO BRAZ                     000000000000000020101                     
1040001300012U 46000000000000000000000000007266000000000000000000000000000000000000000020176000000000020176000000000000000000000000000000100220261102202600000000000000000000000000000000000000000000000000000000000000000000000000000000       
10400015         00001400000000000000000000000000000000000000000000000000000000000000000000000000000000000000000000                                                                                                                             
10499999         000001000016                                                                                                                                                                                                                   
