10400000         2829265510001450000000000000000000001070749108500000000MUNICIPIO DE BRACO DO NORTE   C ECON FEDERAL                          71002202608211400000304000000                    RET ONLINE-PRODUCAO               000            
10400011T0100030 20829265510001450000000000000000000001070749108500000000MUNICIPIO DE BRACO DO NORTE                                                                                   00000003100220260000000000                          00   
1040001300001T 460000004910850000000   14999000002922319212922319        100220260000000000163882600000002922319                  092040050855000222M4 STORE COMERCIO DIGITAL LTDA                    000000000000000040301                     
1040001300002U 46000000000000000000000000000000000000000000000000000000000000000000000016388000000000016388000000000000000000000000000000100220261102202600000000000000000000000000000000000000000000000000000000000000000000000000000000       
1040001300003T 460000004910850000000   14999000002924681812924681        080620260000000000362427480000002924681                  092044552823000103KALAMA LTDA                                       000000000000000040301                     
1040001300004U 46000000000000000000000000000000000000000000000000000000000000000000000036242000000000036242000000000000000000000000000000100220261102202600000000000000000000000000000000000000000000000000000000000000000000000000000000       
1040001300005T 460000004910850000000   14999000002924682612924682        080620260000000000362427480000002924682                  092044552823000103KALAMA LTDA                                       000000000000000040301                     
1040001300006U 46000000000000000000000000000000000000000000000000000000000000000000000036242000000000036242000000000000000000000000000000100220261102202600000000000000000000000000000000000000000000000000000000000000000000000000000000       
1040001300007T 460000004910850000000   14999000002924683412924683        060320260000000000809187480000002924683                  092044552823000103KALAMA LTDA                                       000000000000000040301                     
1040001300008U 46000000000000000000000000000000000000000000000000000000000000000000000080918000000000080918000000000000000000000000000000100220261102202600000000000000000000000000000000000000000000000000000000000000000000000000000000       
1040001300009T 460000004910850000000   14999000002930343912930343        100220260000000000423257480000002930343                  092033162394000133VISCOH INDUSTRIA DE PASTAS  MASSAS E MAT          000000000000000040301                     
1040001300010U 46000000000000000000000000000000000000000000000000000000000000000000000042325000000000042325000000000000000000000000000000100220261102202600000000000000000000000000000000000000000000000000000000000000000000000000000000       
1040001300011T 460000004910850000000   14999000002934828912934828        100220260000000000012627560000002934828                  092005758576000136JANE ALIMENTOS LTDA                               000000000000000040301                     
1040001300012U 46000000000000000000000000000000000000000000000000000000000000000000000001262000000000001262000000000000000000000000000000100220261102202600000000000000000000000000000000000000000000000000000000000000000000000000000000       
10400015         00001400000000000000000000000000000000000000000000000000000000000000000000000000000000000000000000                                                                                                                             
10499999         000001000016                                                                                                                                                                                                                   
