10400000         2829265510001450000000000000000000001070749108500000000MUNICIPIO DE BRACO DO NORTE   C ECON FEDERAL                          71002202611070500001404000000                    RET ONLINE-PRODUCAO               000            
10400011T0100030 20829265510001450000000000000000000001070749108500000000MUNICIPIO DE BRACO DO NORTE                                                                                   00000014100220260000000000                          00   
1040001300001T 460000004910850000000   14999000002894142312894142        100220260000000000324657560000002894142                  091000025235923987ESPOLIO DE SAUDI DA SILVA                         000000000000000040301                     
1040001300002U 46000000000000000000000000009708000000000000000000000000000000000000000022757000000000022757000000000000000000000000000000100220261102202600000000000000000000000000000000000000000000000000000000000000000000000000000000       
1040001300003T 460000004910850000000   14999000002894310812894310        100220260000000000165477560000002894310                  092057557293000120GREICY DARELA BET TRAMONTIN LTDA                  000000000000000040301                     
1040001300004U 46000000000000000000000000003654000000000000000000000000000000000000000012893000000000012893000000000000000000000000000000100220261102202600000000000000000000000000000000000000000000000000000000000000000000000000000000       
1040001300005T 460000004910850000000   14999000002913930212913930        160220260000000000541141040107002913930                  091000001895168953ANSELMO DELLA GIUSTINA                            000000000000000610300                     
1040001300006U 46000000000000000000000000022351000000000000000000000000000000000000000031763000000000031763000000000000000000000000000000100220261002202600000000000000000000000000000000000000000000000000000000000000000000000000000000       
1040001300007T 460000004910850000000   14999000002921225512921225        100220260000000000011171040107002921225                  092041801996000111CLINICA CIRURGICA ODONTOLOGICA BRACO DO           000000000000000020101                     
1040001300008U 46000000000000000000000000000000000000000000000000000000000000000000000001117000000000001117000000000000000000000000000000100220261102202600000000000000000000000000000000000000000000000000000000000000000000000000000000       
1040001300009T 460000004910850000000   14999000002922256012922256        100220260000000000096001040107002922256                  092010332049000103CASTELINHO MOTORS LTDA                            000000000000000020101                     
1040001300010U 46000000000000000000000000000000000000000000000000000000000000000000000009600000000000009600000000000000000000000000000000100220261102202600000000000000000000000000000000000000000000000000000000000000000000000000000000       
1040001300011T 460000004910850000000   14999000002922384212922384        100220260000000000341837560000002922384                  092023822379000110ODAIR MARCELINO FERREIRA                          000000000000000040301                     
1040001300012U 46000000000000000000000000000000000000000000000000000000000000000000000034183000000000034183000000000000000000000000000000100220261102202600000000000000000000000000000000000000000000000000000000000000000000000000000000       
1040001300013T 460000004910850000000   14999000002924838112924838        060320260000000001748181360000002924838                  092030817254000249LAPOLLI E C LTDA                                  000000000000000040301                     
1040001300014U 46000000000000000000000000000000000000000000000000000000000000000000000174818000000000174818000000000000000000000000000000100220261102202600000000000000000000000000000000000000000000000000000000000000000000000000000000       
1040001300015T 460000004910850000000   14999000002924843812924843        100220260000000000327657560000002924843                  092042335377000141JESSICA JACINTO BEZA LTDA                         000000000000000040301                     
1040001300016U 46000000000000000000000000000000000000000000000000000000000000000000000032765000000000032765000000000000000000000000000000100220261102202600000000000000000000000000000000000000000000000000000000000000000000000000000000       
1040001300017T 460000004910850000000   14999000002924863212924863        100220260000000000905271040107002924863                  091000025812599904MOISES NAZARIO COSTA                              000000000000000020101                     
1040001300018U 46000000000000000000000000000000000000000000000000000000000000000000000090527000000000090527000000000000000000000000000000100220261102202600000000000000000000000000000000000000000000000000000000000000000000000000000000       
1040001300019T 460000004910850000000   14999000002924864012924864        100220260000000000488821040107002924864                  091000025812599904MOISES NAZARIO COSTA                              000000000000000020101                     
1040001300020U 46000000000000000000000000000000000000000000000000000000000000000000000048882000000000048882000000000000000000000000000000100220261102202600000000000000000000000000000000000000000000000000000000000000000000000000000000       
1040001300021T 460000004910850000000   14999000002934901312934901        100220260000000025358652370000002934901                  092035312726000144GIASSI AGRICULTURA E COMERCIO LTDA                000000000000000040301                     
1040001300022U 46000000000000000000000000000000000000000000000000000000000000000000002535865000000002535865000000000000000000000000000000100220261102202600000000000000000000000000000000000000000000000000000000000000000000000000000000       
10400015         00002400000000000000000000000000000000000000000000000000000000000000000000000000000000000000000000                                                                                                                             
10499999         000001000026                                                                                                                                                                                                                   
