10400000         2829265510001450000000000000000000001070749108500000000MUNICIPIO DE BRACO DO NORTE   C ECON FEDERAL                          71002202613075900002204000000                    RET ONLINE-PRODUCAO               000            
10400011T0100030 20829265510001450000000000000000000001070749108500000000MUNICIPIO DE BRACO DO NORTE                                                                                   00000022100220260000000000                          00   
1040001300001T 460000004910850000000   14999000002890052212890052        130220260000000000815532600000002890052                  091000007112924936MATEUS ELIAS                                      000000000000000040401                     
1040001300002U 46000000000000000000000000000000000000000000000000000000000000000000000081553000000000081553000000000000000000000000000000100220261102202600000000000000000000000000000000000000000000000000000000000000000000000000000000       
1040001300003T 460000004910850000000   14999000002916624512916624        260220260000000000790291330000002916624                  091000003007934990ANA PAULA NIEHUES GUIZONI                         000000000000000040301                     
1040001300004U 46000000000000000000000000020076000000000000000000000000000000000000000058953000000000058953000000000000000000000000000000100220261102202600000000000000000000000000000000000000000000000000000000000000000000000000000000       
1040001300005T 460000004910850000000   14999000002923563812923563        060320260000000001029247560000002923563                  092060313322000112R2X ACELERADORA DE VENDAS LTDA                    000000000000000040301                     
1040001300006U 46000000000000000000000000000000000000000000000000000000000000000000000102924000000000102924000000000000000000000000000000100220261102202600000000000000000000000000000000000000000000000000000000000000000000000000000000       
1040001300007T 460000004910850000000   14999000002930237812930237        100220260000000000025171040107002930237                  092014144090000107SUBESTACAO VERDE VALE BN-7 LTDA                   000000000000000060301                     
1040001300008U 46000000000000000000000000000000000000000000000000000000000000000000000002517000000000002517000000000000000000000000000000100220261102202600000000000000000000000000000000000000000000000000000000000000000000000000000000       
1040001300009T 460000004910850000000   14999000002930368412930368        100220260000000001906881040087902930368                  092083845701000159TRIBUNAL DE JUSTICA SC                            000000000000000020101                     
1040001300010U 46000000000000000000000000000000000000000000000000000000000000000000000190688000000000190688000000000000000000000000000000100220261102202600000000000000000000000000000000000000000000000000000000000000000000000000000000       
10400015         00001200000000000000000000000000000000000000000000000000000000000000000000000000000000000000000000                                                                                                                             
10499999         000001000014                                                                                                                                                                                                                   
