10400000         2829265510001450000000000000000000001070749108500000000MUNICIPIO DE BRACO DO NORTE   C ECON FEDERAL                          71002202621420200005104000000                    RET ONLINE-PRODUCAO               000            
10400011T0100030 20829265510001450000000000000000000001070749108500000000MUNICIPIO DE BRACO DO NORTE                                                                                   00000051100220260000000000                          00   
1040001300001T 460000004910850000000   14999000002922241212922241        100220260000000001120437560000002922241                  092021172278000116KD REFRIGERACAO LTDA                              000000000000000040301                     
1040001300002U 46000000000000000000000000000000000000000000000000000000000000000000000112043000000000112043000000000000000000000000000000100220261102202600000000000000000000000000000000000000000000000000000000000000000000000000000000       
1040001300003T 460000004910850000000   14999000002924771712924771        100220260000000001006455090000002924771                  092010749743000112HENGUS CONTABILIDADE LTDA                         000000000000000040301                     
1040001300004U 46000000000000000000000000000000000000000000000000000000000000000000000100645000000000100645000000000000000000000000000000100220261102202600000000000000000000000000000000000000000000000000000000000000000000000000000000       
10400015         00000600000000000000000000000000000000000000000000000000000000000000000000000000000000000000000000                                                                                                                             
10499999         000001000008                                                                                                                                                                                                                   
