10400000         2829265510001450000000000000000000001070749108500000000MUNICIPIO DE BRACO DO NORTE   C ECON FEDERAL                          71002202608521700000504000000                    RET ONLINE-PRODUCAO               000            
10400011T0100030 20829265510001450000000000000000000001070749108500000000MUNICIPIO DE BRACO DO NORTE                                                                                   00000005100220260000000000                          00   
1040001300001T 460000004910850000000   14999000002895920912895920        160220260000000000915717560000002895920                  092004585052000128RICKEN   DELA JUSTINA JASPER RICKEN LTDA          000000000000000040301                     
1040001300002U 46000000000000000000000000017226000000000000000000000000000000000000000074345000000000074345000000000000000000000000000000100220261102202600000000000000000000000000000000000000000000000000000000000000000000000000000000       
1040001300003T 460000004910850000000   14999000002922376112922376        100220260000000001422851360000002922376                  092052125950000146MEDGOV GESTAO DE SERVICOS DE SAUDE LTDA           000000000000000040301                     
1040001300004U 46000000000000000000000000000000000000000000000000000000000000000000000142285000000000142285000000000000000000000000000000100220261102202600000000000000000000000000000000000000000000000000000000000000000000000000000000       
1040001300005T 460000004910850000000   14999000002922392312922392        100220260000000000583921360000002922392                  092052125950000146MEDGOV GESTAO DE SERVICOS DE SAUDE LTDA           000000000000000040301                     
1040001300006U 46000000000000000000000000000000000000000000000000000000000000000000000058392000000000058392000000000000000000000000000000100220261102202600000000000000000000000000000000000000000000000000000000000000000000000000000000       
1040001300007T 460000004910850000000   14999000002922431812922431        100220260000000000682883410000002922431                  092016695624000100FLACH INDUSTRIA DE CARREGADORES  EQUIPAM          000000000000000040301                     
1040001300008U 46000000000000000000000000000000000000000000000000000000000000000000000068288000000000068288000000000000000000000000000000100220261102202600000000000000000000000000000000000000000000000000000000000000000000000000000000       
1040001300009T 460000004910850000000   14999000002924634612924634        080620260000000000248522600000002924634                  091000008447790916ERICK MAY HEIDEMANN                               000000000000000040301                     
1040001300010U 46000000000000000000000000000000000000000000000000000000000000000000000024852000000000024852000000000000000000000000000000100220261102202600000000000000000000000000000000000000000000000000000000000000000000000000000000       
10400015         00001200000000000000000000000000000000000000000000000000000000000000000000000000000000000000000000                                                                                                                             
10499999         000001000014                                                                                                                                                                                                                   
