10400000         2829265510001450000000000000000000001070749108500000000MUNICIPIO DE BRACO DO NORTE   C ECON FEDERAL                          71002202613233400002304000000                    RET ONLINE-PRODUCAO               000            
10400011T0100030 20829265510001450000000000000000000001070749108500000000MUNICIPIO DE BRACO DO NORTE                                                                                   00000023100220260000000000                          00   
1040001300001T 460000004910850000000   14999000002891139712891139        230220260000000000156750010000002891139                  092026165617000150SANTA ROSA DE LIMA LOTEAMENTOS LTDA               000000000000000040301                     
1040001300002U 46000000000000000000000000000000000000000000000000000000000000000000000015675000000000015675000000000000000000000000000000100220261102202600000000000000000000000000000000000000000000000000000000000000000000000000000000       
1040001300003T 460000004910850000000   14999000002922323012922323        100220260000000000000020330000002922323                  092007605075000145SUPER LIDER ALIMENTOS LTDA                        000000000000000040301                     
1040001300004U 46000000000000000000000000000000000000000000000000000000000000000000000000002000000000000002000000000000000000000000000000100220261102202600000000000000000000000000000000000000000000000000000000000000000000000000000000       
1040001300005T 460000004910850000000   14999000002930378112930378        100220260000000000140630330000002930378                  092088212113129137COMERCIO DE MEDICAMENTOS BRAIR LTDA               000000000000000040301                     
1040001300006U 46000000000000000000000000000000000000000000000000000000000000000000000014063000000000014063000000000000000000000000000000100220261102202600000000000000000000000000000000000000000000000000000000000000000000000000000000       
1040001300007T 460000004910850000000   14999000002930431112930431        100220260000000000105740010000002930431                  092008336783000190CELESC DISTRIBUICAO S.A.                          000000000000000040301                     
1040001300008U 46000000000000000000000000000000000000000000000000000000000000000000000010574000000000010574000000000000000000000000000000100220261102202600000000000000000000000000000000000000000000000000000000000000000000000000000000       
1040001300009T 460000004910850000000   14999000002930433812930433        100220260000000000119670010000002930433                  092008336783000514CELESC DISTRIBUICAO S.A.                          000000000000000040301                     
1040001300010U 46000000000000000000000000000000000000000000000000000000000000000000000011967000000000011967000000000000000000000000000000100220261102202600000000000000000000000000000000000000000000000000000000000000000000000000000000       
1040001300011T 460000004910850000000   14999000002935015112935015        100220260000000000027951360000002935015                  092037109660000115PACKFORM INDUSTRIA E COMERCIO DE EMBALAG          000000000000000040301                     
1040001300012U 46000000000000000000000000000000000000000000000000000000000000000000000002795000000000002795000000000000000000000000000000100220261102202600000000000000000000000000000000000000000000000000000000000000000000000000000000       
10400015         00001400000000000000000000000000000000000000000000000000000000000000000000000000000000000000000000                                                                                                                             
10499999         000001000016                                                                                                                                                                                                                   
