10400000         2829265510001450000000000000000000001070749108500000000MUNICIPIO DE BRACO DO NORTE   C ECON FEDERAL                          71002202618211200004104000000                    RET ONLINE-PRODUCAO               000            
10400011T0100030 20829265510001450000000000000000000001070749108500000000MUNICIPIO DE BRACO DO NORTE                                                                                   00000041100220260000000000                          00   
1040001300001T 460000004910850000000   14999000002922258712922258        100220260000000000381627480000002922258                  092010222216000155JF SOLUTIONS INDUSTRIAIS LTDA                     000000000000000040301                     
1040001300002U 46000000000000000000000000000000000000000000000000000000000000000000000038162000000000038162000000000000000000000000000000100220261102202600000000000000000000000000000000000000000000000000000000000000000000000000000000       
1040001300003T 460000004910850000000   14999000002934831912934831        100220260000000000057320010000002934831                  092012218083000179BCL EMPREENDIMENTOS LTDA                          000000000000000040301                     
1040001300004U 46000000000000000000000000000000000000000000000000000000000000000000000005732000000000005732000000000000000000000000000000100220261102202600000000000000000000000000000000000000000000000000000000000000000000000000000000       
1040001300005T 460000004910850000000   14999000002934893912934893        100220260000000001151670010000002934893                  092086429834000132INDUSTRIA DE MOLDURAS MOLDURARTE LTDA             000000000000000040301                     
1040001300006U 46000000000000000000000000000000000000000000000000000000000000000000000115167000000000115167000000000000000000000000000000100220261102202600000000000000000000000000000000000000000000000000000000000000000000000000000000       
1040001300007T 460000004910850000000   14999000002934940412934940        100220260000000000081910010000002934940                  092086429834000647INDUSTRIA DE MOLDURAS MOLDURARTE LTDA             000000000000000040301                     
1040001300008U 46000000000000000000000000000000000000000000000000000000000000000000000008191000000000008191000000000000000000000000000000100220261102202600000000000000000000000000000000000000000000000000000000000000000000000000000000       
10400015         00001000000000000000000000000000000000000000000000000000000000000000000000000000000000000000000000                                                                                                                             
10499999         000001000012                                                                                                                                                                                                                   
