10400000         2829265510001450000000000000000000001070749108500000000MUNICIPIO DE BRACO DO NORTE   C ECON FEDERAL                          71002202611222000001504000000                    RET ONLINE-PRODUCAO               000            
10400011T0100030 20829265510001450000000000000000000001070749108500000000MUNICIPIO DE BRACO DO NORTE                                                                                   00000015100220260000000000                          00   
1040001300001T 460000004910850000000   14999000002913909412913909        060320260000000000252861040107002913909                  092008904461000109MABIE ADMINISTRADORA DE BENS LTDA                 000000000000000020101                     
1040001300002U 46000000000000000000000000000000000000000000000000000000000000000000000025286000000000025286000000000000000000000000000000100220261102202600000000000000000000000000000000000000000000000000000000000000000000000000000000       
1040001300003T 460000004910850000000   14999000002921141012921141        100220260000000000038407560000002921141                  092057348140000172RESIDENCIAL NORDEN                                000000000000000040301                     
1040001300004U 46000000000000000000000000000000000000000000000000000000000000000000000003840000000000003840000000000000000000000000000000100220261102202600000000000000000000000000000000000000000000000000000000000000000000000000000000       
1040001300005T 460000004910850000000   14999000002921161512921161        100220260000000000036007560000002921161                  092057348140000172RESIDENCIAL NORDEN                                000000000000000040301                     
1040001300006U 46000000000000000000000000000000000000000000000000000000000000000000000003600000000000003600000000000000000000000000000000100220261102202600000000000000000000000000000000000000000000000000000000000000000000000000000000       
1040001300007T 460000004910850000000   14999000002922426112922426        100220260000000013430137480000002922426                  092002432724000130JS LABORATORIO DE ANALISES CLINICAS LTDA          000000000000000040301                     
1040001300008U 46000000000000000000000000000000000000000000000000000000000000000000001343013000000001343013000000000000000000000000000000100220261102202600000000000000000000000000000000000000000000000000000000000000000000000000000000       
1040001300009T 460000004910850000000   14999000002922501212922501        100220260000000000497707480000002922501                  092002432724000563JS LABORATORIO DE ANALISES CLINICAS LTDA          000000000000000040301                     
1040001300010U 46000000000000000000000000000000000000000000000000000000000000000000000049770000000000049770000000000000000000000000000000100220261102202600000000000000000000000000000000000000000000000000000000000000000000000000000000       
1040001300011T 460000004910850000000   14999000002923559012923559        060320260000000001891381360000002923559                  092057751930000102ENGTER EMPREENDIMENTOS LTDA                       000000000000000040301                     
1040001300012U 46000000000000000000000000000000000000000000000000000000000000000000000189138000000000189138000000000000000000000000000000100220261102202600000000000000000000000000000000000000000000000000000000000000000000000000000000       
1040001300013T 460000004910850000000   14999000002923564612923564        060320260000000002340581360000002923564                  092023496123000160TRAMONTIN LOTEAMENTO SPE LTDA                     000000000000000040301                     
1040001300014U 46000000000000000000000000000000000000000000000000000000000000000000000234058000000000234058000000000000000000000000000000100220261102202600000000000000000000000000000000000000000000000000000000000000000000000000000000       
1040001300015T 460000004910850000000   14999000002924381912924381        100220260000000000077287560000002924381                  092046147616000190OLIVIO DELA JUSTINA 75782820934                   000000000000000040301                     
1040001300016U 46000000000000000000000000000000000000000000000000000000000000000000000007728000000000007728000000000000000000000000000000100220261102202600000000000000000000000000000000000000000000000000000000000000000000000000000000       
1040001300017T 460000004910850000000   14999000002930363312930363        100220260000000000002877560000002930363                  092026826754000199MICHELI RODRIGUES DE SOUZA 09097339960            000000000000000040301                     
1040001300018U 46000000000000000000000000000000000000000000000000000000000000000000000000287000000000000287000000000000000000000000000000100220261102202600000000000000000000000000000000000000000000000000000000000000000000000000000000       
10400015         00002000000000000000000000000000000000000000000000000000000000000000000000000000000000000000000000                                                                                                                             
10499999         000001000022                                                                                                                                                                                                                   
