10400000         2829265510001450000000000000000000001070749108500000000MUNICIPIO DE BRACO DO NORTE   C ECON FEDERAL                          71002202612081300001804000000                    RET ONLINE-PRODUCAO               000            
10400011T0100030 20829265510001450000000000000000000001070749108500000000MUNICIPIO DE BRACO DO NORTE                                                                                   00000018100220260000000000                          00   
1040001300001T 460000004910850000000   14999000002922243912922243        100220260000000000504132370000002922243                  092002429265000135NUTRIVALE REPRESENTACOES LTDA - ME                000000000000000040301                     
1040001300002U 46000000000000000000000000000000000000000000000000000000000000000000000050413000000000050413000000000000000000000000000000100220261102202600000000000000000000000000000000000000000000000000000000000000000000000000000000       
1040001300003T 460000004910850000000   14999000002922334612922334        100220260000000003356647560000002922334                  092028621967000100G3 AUTOMATION INDUSTRIA E COMERCIO DE MA          000000000000000040301                     
1040001300004U 46000000000000000000000000000000000000000000000000000000000000000000000335664000000000335664000000000000000000000000000000100220261102202600000000000000000000000000000000000000000000000000000000000000000000000000000000       
1040001300005T 460000004910850000000   14999000002923249312923249        060320260000000002372157560000002923249                  092025013682000106GAIDZINSKI TELHAS LTDA                            000000000000000040301                     
1040001300006U 46000000000000000000000000000000000000000000000000000000000000000000000237215000000000237215000000000000000000000000000000100220261102202600000000000000000000000000000000000000000000000000000000000000000000000000000000       
1040001300007T 460000004910850000000   14999000002923554912923554        060320260000000002269661360000002923554                  092051297871000150CONDOMINIO ALTO DAS MANSOES LTDA                  000000000000000040301                     
1040001300008U 46000000000000000000000000000000000000000000000000000000000000000000000226966000000000226966000000000000000000000000000000100220261102202600000000000000000000000000000000000000000000000000000000000000000000000000000000       
1040001300009T 460000004910850000000   14999000002924639712924639        080620260000000000573237560000002924639                  091000034149490910PEDRO PAULO MACHADO DA SILVA                      000000000000000040101                     
1040001300010U 46000000000000000000000000000000000000000000000000000000000000000000000057323000000000057323000000000000000000000000000000100220261102202600000000000000000000000000000000000000000000000000000000000000000000000000000000       
1040001300011T 460000004910850000000   14999000002924849712924849        080620260000000008626767560000002924849                  092025013682000106GAIDZINSKI TELHAS LTDA                            000000000000000040301                     
1040001300012U 46000000000000000000000000000000000000000000000000000000000000000000000862676000000000862676000000000000000000000000000000100220261102202600000000000000000000000000000000000000000000000000000000000000000000000000000000       
1040001300013T 460000004910850000000   14999000002929591612929591        060320260000000000387661040107002929591                  091000002944250981MARIA FERNANDES BATISTA                           000000000000000020101                     
1040001300014U 46000000000000000000000000001938000000000000000000000000000000000000000036828000000000036828000000000000000000000000000000100220261102202600000000000000000000000000000000000000000000000000000000000000000000000000000000       
1040001300015T 460000004910850000000   14999000002929592412929592        060320260000000000496201040107002929592                  091000002944250981MARIA FERNANDES BATISTA                           000000000000000020101                     
1040001300016U 46000000000000000000000000009924000000000000000000000000000000000000000039696000000000039696000000000000000000000000000000100220261102202600000000000000000000000000000000000000000000000000000000000000000000000000000000       
1040001300017T 460000004910850000000   14999000002929593212929593        060320260000000000387661040107002929593                  091000008985614932ANDREIA FERNANDES BATISTA                         000000000000000020101                     
1040001300018U 46000000000000000000000000001938000000000000000000000000000000000000000036828000000000036828000000000000000000000000000000100220261102202600000000000000000000000000000000000000000000000000000000000000000000000000000000       
1040001300019T 460000004910850000000   14999000002929594012929594        060320260000000000496201040107002929594                  091000008985614932ANDREIA FERNANDES BATISTA                         000000000000000020101                     
1040001300020U 46000000000000000000000000009924000000000000000000000000000000000000000039696000000000039696000000000000000000000000000000100220261102202600000000000000000000000000000000000000000000000000000000000000000000000000000000       
1040001300021T 460000004910850000000   14999000002929596712929596        060320260000000000387661040107002929596                  091000004127901900ADRIANO FERNANDES BATISTA                         000000000000000020101                     
1040001300022U 46000000000000000000000000001938000000000000000000000000000000000000000036828000000000036828000000000000000000000000000000100220261102202600000000000000000000000000000000000000000000000000000000000000000000000000000000       
1040001300023T 460000004910850000000   14999000002929597512929597        060320260000000000496201040107002929597                  091000004127901900ADRIANO FERNANDES BATISTA                         000000000000000020101                     
1040001300024U 46000000000000000000000000009924000000000000000000000000000000000000000039696000000000039696000000000000000000000000000000100220261102202600000000000000000000000000000000000000000000000000000000000000000000000000000000       
1040001300025T 460000004910850000000   14999000002934850512934850        100220260000000000986187560000002934850                  092039446801000110PORTOLA AGROPECUARIA LTDA                         000000000000000040301                     
1040001300026U 46000000000000000000000000000000000000000000000000000000000000000000000098618000000000098618000000000000000000000000000000100220261102202600000000000000000000000000000000000000000000000000000000000000000000000000000000       
10400015         00002800000000000000000000000000000000000000000000000000000000000000000000000000000000000000000000                                                                                                                             
10499999         000001000030                                                                                                                                                                                                                   
