10400000         2829265510001450000000000000000000001070749108500000000MUNICIPIO DE BRACO DO NORTE   C ECON FEDERAL                          71002202612513100002104000000                    RET ONLINE-PRODUCAO               000            
10400011T0100030 20829265510001450000000000000000000001070749108500000000MUNICIPIO DE BRACO DO NORTE                                                                                   00000021100220260000000000                          00   
1040001300001T 460000004910850000000   14999000002900205612900205        060320260000000000477657560000002900205                  092005494194000142FARMACIA BONAFEL LTDA                             000000000000000040301                     
1040001300002U 46000000000000000000000000000000000000000000000000000000000000000000000047765000000000047765000000000000000000000000000000100220261102202600000000000000000000000000000000000000000000000000000000000000000000000000000000       
1040001300003T 460000004910850000000   14999000002914159512914159        100220260000000000223597560000002914159                  092017211866000144LOGPRO SERVICOS ADMINISTRATIVOS PARA TER          000000000000000040301                     
1040001300004U 46000000000000000000000000000000000000000000000000000000000000000000000022359000000000022359000000000000000000000000000000100220261102202600000000000000000000000000000000000000000000000000000000000000000000000000000000       
1040001300005T 460000004910850000000   14999000002921410012921410        060320260000000002837087560000002921410                  092033844438000105CM HOLDING LTDA                                   000000000000000040301                     
1040001300006U 46000000000000000000000000000000000000000000000000000000000000000000000283708000000000283708000000000000000000000000000000100220261102202600000000000000000000000000000000000000000000000000000000000000000000000000000000       
10400015         00000800000000000000000000000000000000000000000000000000000000000000000000000000000000000000000000                                                                                                                             
10499999         000001000010                                                                                                                                                                                                                   
