10400000         2829265510001450000000000000000000001070749108500000000MUNICIPIO DE BRACO DO NORTE   C ECON FEDERAL                          71002202610080100001004000000                    RET ONLINE-PRODUCAO               000            
10400011T0100030 20829265510001450000000000000000000001070749108500000000MUNICIPIO DE BRACO DO NORTE                                                                                   00000010100220260000000000                          00   
1040001300001T 460000004910850000000   14999000002921179812921179        100220260000000000006050330000002921179                  092054942204000170WAGNER DE SOUZA GONCALVES LTDA                    000000000000000040301                     
1040001300002U 46000000000000000000000000000000000000000000000000000000000000000000000000605000000000000605000000000000000000000000000000100220261102202600000000000000000000000000000000000000000000000000000000000000000000000000000000       
1040001300003T 460000004910850000000   14999000002934907212934907        100220260000000000826333410000002934907                  092001514250000102BENORTE - INDUSTRIA DE PREGOS LTDA                000000000000000040301                     
1040001300004U 46000000000000000000000000000000000000000000000000000000000000000000000082633000000000082633000000000000000000000000000000100220261102202600000000000000000000000000000000000000000000000000000000000000000000000000000000       
1040001300005T 460000004910850000000   14999000002934927712934927        100220260000000000005003410000002934927                  092010626167000116REDE SAO MARCOS COMERCIO DE COMBUSTIVEIS          000000000000000040301                     
1040001300006U 46000000000000000000000000000000000000000000000000000000000000000000000000500000000000000500000000000000000000000000000000100220261102202600000000000000000000000000000000000000000000000000000000000000000000000000000000       
10400015         00000800000000000000000000000000000000000000000000000000000000000000000000000000000000000000000000                                                                                                                             
10499999         000001000010                                                                                                                                                                                                                   
