10400000         2829265510001450000000000000000000001070749108500000000MUNICIPIO DE BRACO DO NORTE   C ECON FEDERAL                          71002202610231000001104000000                    RET ONLINE-PRODUCAO               000            
10400011T0100030 20829265510001450000000000000000000001070749108500000000MUNICIPIO DE BRACO DO NORTE                                                                                   00000011100220260000000000                          00   
1040001300001T 460000004910850000000   14999000002922244712922244        100220260000000002426207560000002922244                  092014663374000100SILVA   SILVA RECAPAGEM LTDA                      000000000000000040301                     
1040001300002U 46000000000000000000000000000000000000000000000000000000000000000000000242620000000000242620000000000000000000000000000000100220261102202600000000000000000000000000000000000000000000000000000000000000000000000000000000       
1040001300003T 460000004910850000000   14999000002922318412922318        100220260000000017344807560000002922318                  092014311217000127CLIMBA SISTEMAS LTDA                              000000000000000040301                     
1040001300004U 46000000000000000000000000000000000000000000000000000000000000000000001734480000000001734480000000000000000000000000000000100220261102202600000000000000000000000000000000000000000000000000000000000000000000000000000000       
1040001300005T 460000004910850000000   14999000002922474112922474        100220260000000011980150010000002922474                  092082130709000176NEO SISTEMAS DE INFORMATICA LTDA                  000000000000000040301                     
1040001300006U 46000000000000000000000000000000000000000000000000000000000000000000001198015000000001198015000000000000000000000000000000100220261102202600000000000000000000000000000000000000000000000000000000000000000000000000000000       
1040001300007T 460000004910850000000   14999000002924380012924380        100220260000000001788867560000002924380                  092046147616000190OLIVIO DELA JUSTINA 75782820934                   000000000000000040301                     
1040001300008U 46000000000000000000000000000000000000000000000000000000000000000000000178886000000000178886000000000000000000000000000000100220261102202600000000000000000000000000000000000000000000000000000000000000000000000000000000       
1040001300009T 460000004910850000000   14999000002924847012924847        100220260000000000520741040107002924847                  091000071274847915SILESIO CARDOSO SOMBRIO                           000000000000000060301                     
1040001300010U 46000000000000000000000000000000000000000000000000000000000000000000000052074000000000052074000000000000000000000000000000100220261102202600000000000000000000000000000000000000000000000000000000000000000000000000000000       
1040001300011T 460000004910850000000   14999000002930192412930192        100220260000000000021063410000002930192                  092076816842000340POSTO LEAO DO TREVO LTDA                          000000000000000040301                     
1040001300012U 46000000000000000000000000000000000000000000000000000000000000000000000002106000000000002106000000000000000000000000000000100220261102202600000000000000000000000000000000000000000000000000000000000000000000000000000000       
1040001300013T 460000004910850000000   14999000002930220312930220        100220260000000000009133410000002930220                  092076816842000773POSTO LEAO DO TREVO LTDA                          000000000000000040301                     
1040001300014U 46000000000000000000000000000000000000000000000000000000000000000000000000913000000000000913000000000000000000000000000000100220261102202600000000000000000000000000000000000000000000000000000000000000000000000000000000       
1040001300015T 460000004910850000000   14999000002930262912930262        100220260000000000028093410000002930262                  092076816842000188POSTO LEAO DO TREVO LTDA                          000000000000000040301                     
1040001300016U 46000000000000000000000000000000000000000000000000000000000000000000000002809000000000002809000000000000000000000000000000100220261102202600000000000000000000000000000000000000000000000000000000000000000000000000000000       
1040001300017T 460000004910850000000   14999000002930287412930287        100220260000000001766697560000002930287                  092052783898000115EDIFICIO RESIDENCIAL E COMERCIAL ARCOS L          000000000000000040301                     
1040001300018U 46000000000000000000000000000000000000000000000000000000000000000000000176669000000000176669000000000000000000000000000000100220261102202600000000000000000000000000000000000000000000000000000000000000000000000000000000       
1040001300019T 460000004910850000000   14999000002934892012934892        100220260000000002213037480000002934892                  092075503821002860COMERCIO E INDUSTRIA DE SORVETES ESKIMO           000000000000000040301                     
1040001300020U 46000000000000000000000000000000000000000000000000000000000000000000000221303000000000221303000000000000000000000000000000100220261102202600000000000000000000000000000000000000000000000000000000000000000000000000000000       
10400015         00002200000000000000000000000000000000000000000000000000000000000000000000000000000000000000000000                                                                                                                             
10499999         000001000024                                                                                                                                                                                                                   
