10400000         2829265510001450000000000000000000001070749108500000000MUNICIPIO DE BRACO DO NORTE   C ECON FEDERAL                          71002202610515200001304000000                    RET ONLINE-PRODUCAO               000            
10400011T0100030 20829265510001450000000000000000000001070749108500000000MUNICIPIO DE BRACO DO NORTE                                                                                   00000013100220260000000000                          00   
1040001300001T 460000004910850000000   14999000002922389312922389        100220260000000003398380010000002922389                  092086430576000104AGROWERNER COMERCIO DE MAQUINAS E IMPLEM          000000000000000040301                     
1040001300002U 46000000000000000000000000000000000000000000000000000000000000000000000339838000000000339838000000000000000000000000000000100220261102202600000000000000000000000000000000000000000000000000000000000000000000000000000000       
1040001300003T 460000004910850000000   14999000002923590512923590        060320260000000002080521360000002923590                  092063975691000169LOTEAMENTO VIVER BEM SCP                          000000000000000040301                     
1040001300004U 46000000000000000000000000000000000000000000000000000000000000000000000208052000000000208052000000000000000000000000000000100220261102202600000000000000000000000000000000000000000000000000000000000000000000000000000000       
1040001300005T 460000004910850000000   14999000002924470012924470        060320260000000001176827560000002924470                  092042036819000159ARANCIA AROMAS E ELEGANCIA LTDA                   000000000000000040301                     
1040001300006U 46000000000000000000000000000000000000000000000000000000000000000000000117682000000000117682000000000000000000000000000000100220261102202600000000000000000000000000000000000000000000000000000000000000000000000000000000       
1040001300007T 460000004910850000000   14999000002924471812924471        060320260000000000106137560000002924471                  092042036819000159ARANCIA AROMAS E ELEGANCIA LTDA                   000000000000000040301                     
1040001300008U 46000000000000000000000000000000000000000000000000000000000000000000000010613000000000010613000000000000000000000000000000100220261102202600000000000000000000000000000000000000000000000000000000000000000000000000000000       
1040001300009T 460000004910850000000   14999000002930393512930393        100220260000000000208390010000002930393                  092086430576000104AGROWERNER COMERCIO DE MAQUINAS E IMPLEM          000000000000000040301                     
1040001300010U 46000000000000000000000000000000000000000000000000000000000000000000000020839000000000020839000000000000000000000000000000100220261102202600000000000000000000000000000000000000000000000000000000000000000000000000000000       
1040001300011T 460000004910850000000   14999000002930395112930395        100220260000000000768101330000002930395                  092050143235000100CENTRO EXECUTIVO ATHENA SPE LTDA                  000000000000000040301                     
1040001300012U 46000000000000000000000000000000000000000000000000000000000000000000000076810000000000076810000000000000000000000000000000100220261102202600000000000000000000000000000000000000000000000000000000000000000000000000000000       
1040001300013T 460000004910850000000   14999000002930403612930403        100220260000000000005000010000002930403                  092004742267000105CASA DO PICA-PAU MAQUINAS AGRICOLAS LTDA          000000000000000040301                     
1040001300014U 46000000000000000000000000000000000000000000000000000000000000000000000000500000000000000500000000000000000000000000000000100220261102202600000000000000000000000000000000000000000000000000000000000000000000000000000000       
1040001300015T 460000004910850000000   14999000002930420612930420        100220260000000020035310330000002930420                  092043489766000275ATACADO VENCEDOR LTDA                             000000000000000040301                     
1040001300016U 46000000000000000000000000000000000000000000000000000000000000000000002003531000000002003531000000000000000000000000000000100220261102202600000000000000000000000000000000000000000000000000000000000000000000000000000000       
1040001300017T 460000004910850000000   14999000002934863712934863        100220260000000000003061360000002934863                  092045008150000180FARMACIA BOM PRECO LTDA                           000000000000000040301                     
1040001300018U 46000000000000000000000000000000000000000000000000000000000000000000000000306000000000000306000000000000000000000000000000100220261102202600000000000000000000000000000000000000000000000000000000000000000000000000000000       
1040001300019T 460000004910850000000   14999000002935192112935192        070520260000000009403211040107002935192                  092012731343000105CONQUISTA CONSTRUTORA E INCORPORADORA LT          000000000000000620300                     
1040001300020U 46000000000000000000000000000000000000000000000000000000000000000000000940321000000000940321000000000000000000000000000000100220261002202600000000000000000000000000000000000000000000000000000000000000000000000000000000       
10400015         00002200000000000000000000000000000000000000000000000000000000000000000000000000000000000000000000                                                                                                                             
10499999         000001000024                                                                                                                                                                                                                   
