10400000         2829265510001450000000000000000000001070749108500000000MUNICIPIO DE BRACO DO NORTE   C ECON FEDERAL                          71002202615371600003104000000                    RET ONLINE-PRODUCAO               000            
10400011T0100030 20829265510001450000000000000000000001070749108500000000MUNICIPIO DE BRACO DO NORTE                                                                                   00000031100220260000000000                          00   
1040001300001T 460000004910850000000   14999000002924908612924908        100220260000000000038000810000002924908                  091000067141269991NADYA NIEHUES BECKER                              000000000000000040301                     
1040001300002U 46000000000000000000000000000000000000000000000000000000000000000000000003800000000000003800000000000000000000000000000000100220261102202600000000000000000000000000000000000000000000000000000000000000000000000000000000       
1040001300003T 460000004910850000000   14999000002934964112934964        100220260000000001668117480000002934964                  092083456244000100AUREA INDUSTRIA E COMERCIO LTDA                   000000000000000040301                     
1040001300004U 46000000000000000000000000000000000000000000000000000000000000000000000166811000000000166811000000000000000000000000000000100220261102202600000000000000000000000000000000000000000000000000000000000000000000000000000000       
10400015         00000600000000000000000000000000000000000000000000000000000000000000000000000000000000000000000000                                                                                                                             
10499999         000001000008                                                                                                                                                                                                                   
