10400000         2829265510001450000000000000000000001070749108500000000MUNICIPIO DE BRACO DO NORTE   C ECON FEDERAL                          71002202613504400002504000000                    RET ONLINE-PRODUCAO               000            
10400011T0100030 20829265510001450000000000000000000001070749108500000000MUNICIPIO DE BRACO DO NORTE                                                                                   00000025100220260000000000                          00   
1040001300001T 460000004910850000000   14999000002897163212897163        180220260000000000291071040107002897163                  091000041575938987DARLETE DA ROSA MATTOS                            000000000000000020101                     
1040001300002U 46000000000000000000000000014659000000000000000000000000000000000000000014448000000000014448000000000000000000000000000000100220261102202600000000000000000000000000000000000000000000000000000000000000000000000000000000       
1040001300003T 460000004910850000000   14999000002913548012913548        120220260000000000579091040107002913548                  091000065662946949WILSON MEURER                                     000000000000000020101                     
1040001300004U 46000000000000000000000000017079000000000000000000000000000000000000000040830000000000040830000000000000000000000000000000100220261102202600000000000000000000000000000000000000000000000000000000000000000000000000000000       
1040001300005T 460000004910850000000   14999000002922466012922466        100220260000000002778993410000002922466                  092032015811000152DUTRA PRE MOLDADOS LTDA                           000000000000000040301                     
1040001300006U 46000000000000000000000000000000000000000000000000000000000000000000000277899000000000277899000000000000000000000000000000100220261102202600000000000000000000000000000000000000000000000000000000000000000000000000000000       
1040001300007T 460000004910850000000   14999000002922467912922467        100220260000000009547904220000002922467                  092045517797000137SOOH MIDIA LTDA                                   000000000000000040301                     
1040001300008U 46000000000000000000000000000000000000000000000000000000000000000000000954790000000000954790000000000000000000000000000000100220261102202600000000000000000000000000000000000000000000000000000000000000000000000000000000       
1040001300009T 460000004910850000000   14999000002924888812924888        100220260000000000320160010000002924888                  091000005694362900JONAS LESSA                                       000000000000000040301                     
1040001300010U 46000000000000000000000000000000000000000000000000000000000000000000000032016000000000032016000000000000000000000000000000100220261102202600000000000000000000000000000000000000000000000000000000000000000000000000000000       
1040001300011T 460000004910850000000   14999000002930417612930417        100220260000000008983087480000002930417                  092058507695000182LOTEAMENTO BRACO DO NORTE SPE LTDA                000000000000000040301                     
1040001300012U 46000000000000000000000000000000000000000000000000000000000000000000000898308000000000898308000000000000000000000000000000100220261102202600000000000000000000000000000000000000000000000000000000000000000000000000000000       
10400015         00001400000000000000000000000000000000000000000000000000000000000000000000000000000000000000000000                                                                                                                             
10499999         000001000016                                                                                                                                                                                                                   
