10400000         2829265510001450000000000000000000001070749108500000000MUNICIPIO DE BRACO DO NORTE   C ECON FEDERAL                          71002202611375600001604000000                    RET ONLINE-PRODUCAO               000            
10400011T0100030 20829265510001450000000000000000000001070749108500000000MUNICIPIO DE BRACO DO NORTE                                                                                   00000016100220260000000000                          00   
1040001300001T 460000004910850000000   14999000002894473212894473        100220260000000000665847560000002894473                  091000064249425991IZAQUEU VIEIRA                                    000000000000000040301                     
1040001300002U 46000000000000000000000000016148000000000000000000000000000000000000000050436000000000050436000000000000000000000000000000100220261102202600000000000000000000000000000000000000000000000000000000000000000000000000000000       
1040001300003T 460000004910850000000   14999000002912856412912856        100220260000000000975250010000002912856                  091000005682320972CUSTODIO ANTONIO SOMBRIO                          000000000000000040301                     
1040001300004U 46000000000000000000000000038440000000000000000000000000000000000000000059085000000000059085000000000000000000000000000000100220261102202600000000000000000000000000000000000000000000000000000000000000000000000000000000       
1040001300005T 460000004910850000000   14999000002912862912912862        100220260000000001297190010000002912862                  091000005682320972CUSTODIO ANTONIO SOMBRIO                          000000000000000040301                     
1040001300006U 46000000000000000000000000051130000000000000000000000000000000000000000078589000000000078589000000000000000000000000000000100220261102202600000000000000000000000000000000000000000000000000000000000000000000000000000000       
1040001300007T 460000004910850000000   14999000002922429612922429        100220260000000000065600330000002922429                  092081839144000138TECHFILM INDUSTRIA E COMERCIO LTDA                000000000000000040301                     
1040001300008U 46000000000000000000000000000000000000000000000000000000000000000000000006560000000000006560000000000000000000000000000000100220261102202600000000000000000000000000000000000000000000000000000000000000000000000000000000       
1040001300009T 460000004910850000000   14999000002930381112930381        100220260000000004778331330000002930381                  092044671621000172VIVARE EMPREENDIMENTOS IMOBILIARIOS SPE           000000000000000040301                     
1040001300010U 46000000000000000000000000000000000000000000000000000000000000000000000477833000000000477833000000000000000000000000000000100220261102202600000000000000000000000000000000000000000000000000000000000000000000000000000000       
1040001300011T 460000004910850000000   14999000002935487412935487        080620260000000000708040010000002935487                  091000003221255969AURORA SILVESTRE ELIAS                            000000000000000040301                     
1040001300012U 46000000000000000000000000014054000000000000000000000000000000000000000056750000000000056750000000000000000000000000000000100220261102202600000000000000000000000000000000000000000000000000000000000000000000000000000000       
10400015         00001400000000000000000000000000000000000000000000000000000000000000000000000000000000000000000000                                                                                                                             
10499999         000001000016                                                                                                                                                                                                                   
