10400000         2829265510001450000000000000000000001070749108500000000MUNICIPIO DE BRACO DO NORTE   C ECON FEDERAL                          71002202607083200000104000000                    RET ONLINE-PRODUCAO               000            
10400011T0100030 20829265510001450000000000000000000001070749108500000000MUNICIPIO DE BRACO DO NORTE                                                                                   00000001100220260000000000                          00   
1040001300001T 460000004910850000000   14999000002901788612901788        100220260000000000449691040107002901788                  091000098623168968VENI THOMAZ                                       000000000000000620300                     
1040001300002U 46000000000000000000000000017814000000000000000000000000000000000000000027155000000000027155000000000000000000000000000000090220261002202600000000000000000000000000000000000000000000000000000000000000000000000000000000       
1040001300003T 460000004910850000000   14999000002921206912921206        100220260000000000266003410000002921206                  092043006597000194INMES IMPORTACAO E EXPORTACAO LTDA                000000000000000040301                     
1040001300004U 46000000000000000000000000000000000000000000000000000000000000000000000026600000000000026600000000000000000000000000000000100220261102202600000000000000000000000000000000000000000000000000000000000000000000000000000000       
1040001300005T 460000004910850000000   14999000002922262512922262        100220260000000000035367480000002922262                  092002432724000725JS LABORATORIO DE ANALISES CLINICAS LTDA          000000000000000040301                     
1040001300006U 46000000000000000000000000000000000000000000000000000000000000000000000003536000000000003536000000000000000000000000000000100220261102202600000000000000000000000000000000000000000000000000000000000000000000000000000000       
1040001300007T 460000004910850000000   14999000002930253012930253        100220260000000000135213410000002930253                  092005895635000118JR CONSTRUCOES E TERRAPLENAGEM LTDA EPP           000000000000000040301                     
1040001300008U 46000000000000000000000000000000000000000000000000000000000000000000000013521000000000013521000000000000000000000000000000100220261102202600000000000000000000000000000000000000000000000000000000000000000000000000000000       
1040001300009T 460000004910850000000   14999000002934094612934094        100220260000000000025840770000002934094                  091000005355236960DIEGO DOMINGOS ESPINDOLA                          000000000000000040301                     
1040001300010U 46000000000000000000000000000000000000000000000000000000000000000000000002584000000000002584000000000000000000000000000000100220261102202600000000000000000000000000000000000000000000000000000000000000000000000000000000       
10400015         00001200000000000000000000000000000000000000000000000000000000000000000000000000000000000000000000                                                                                                                             
10499999         000001000014                                                                                                                                                                                                                   
