10400000         2829265510001450000000000000000000001070749108500000000MUNICIPIO DE BRACO DO NORTE   C ECON FEDERAL                          71002202617371600003804000000                    RET ONLINE-PRODUCAO               000            
10400011T0100030 20829265510001450000000000000000000001070749108500000000MUNICIPIO DE BRACO DO NORTE                                                                                   00000038100220260000000000                          00   
1040001300001T 460000004910850000000   14999000002909953012909953        100220260000000000043201040107002909953                  092005626926000100UNESA INDUSTRIA E COMERCIO DE MAQUINAS L          000000000000000020101                     
1040001300002U 46000000000000000000000000000000000000000000000000000000000000000000000004320000000000004320000000000000000000000000000000100220261102202600000000000000000000000000000000000000000000000000000000000000000000000000000000       
1040001300003T 460000004910850000000   14999000002912850512912850        100220260000000000994342370107002912850                  091000005682320972CUSTODIO ANTONIO SOMBRIO                          000000000000000620300                     
1040001300004U 46000000000000000000000000039192000000000000000000000000000000000000000060242000000000060242000000000000000000000000000000100220261002202600000000000000000000000000000000000000000000000000000000000000000000000000000000       
1040001300005T 460000004910850000000   14999000002912929312912929        100220260000000010128402370107002912929                  091000005682320972CUSTODIO ANTONIO SOMBRIO                          000000000000000620300                     
1040001300006U 46000000000000000000000000381023000000000000000000000000000000000000000631817000000000631817000000000000000000000000000000100220261002202600000000000000000000000000000000000000000000000000000000000000000000000000000000       
1040001300007T 460000004910850000000   14999000002922339712922339        100220260000000000372002370000002922339                  092029171497000192VP ASSESSORIA EMPRESARIAL E DE COBRANCA           000000000000000040301                     
1040001300008U 46000000000000000000000000000000000000000000000000000000000000000000000037200000000000037200000000000000000000000000000000100220261102202600000000000000000000000000000000000000000000000000000000000000000000000000000000       
1040001300009T 460000004910850000000   14999000002922434212922434        100220260000000006113667560000002922434                  092000204957000150SILBECK SOFTWARE LTDA                             000000000000000040301                     
1040001300010U 46000000000000000000000000000000000000000000000000000000000000000000000611366000000000611366000000000000000000000000000000100220261102202600000000000000000000000000000000000000000000000000000000000000000000000000000000       
1040001300011T 460000004910850000000   14999000002922447412922447        100220260000000000310401040107002922447                  092085383743000140ELETRO JO MATERIAIS ELETRICOS LTDA                000000000000000020101                     
1040001300012U 46000000000000000000000000000000000000000000000000000000000000000000000031040000000000031040000000000000000000000000000000100220261102202600000000000000000000000000000000000000000000000000000000000000000000000000000000       
1040001300013T 460000004910850000000   14999000002922451212922451        100220260000000018259357560000002922451                  092000204957000150SILBECK SOFTWARE LTDA                             000000000000000040301                     
1040001300014U 46000000000000000000000000000000000000000000000000000000000000000000001825935000000001825935000000000000000000000000000000100220261102202600000000000000000000000000000000000000000000000000000000000000000000000000000000       
1040001300015T 460000004910850000000   14999000002924774112924774        100220260000000000161600810000002924774                  092007378461000141ROBERT DELLA BRUNA ME                             000000000000000040301                     
1040001300016U 46000000000000000000000000000000000000000000000000000000000000000000000016160000000000016160000000000000000000000000000000100220261102202600000000000000000000000000000000000000000000000000000000000000000000000000000000       
1040001300017T 460000004910850000000   14999000002924846212924846        020320260000000000117237480000002924846                  092000056869000158MP SUL BRASIL LTDA                                000000000000000040301                     
1040001300018U 46000000000000000000000000000000000000000000000000000000000000000000000011723000000000011723000000000000000000000000000000100220261102202600000000000000000000000000000000000000000000000000000000000000000000000000000000       
1040001300019T 460000004910850000000   14999000002925539612925539        100220260000000000675227480000002925539                  092004354790000164CEIR AUTO PECAS LTDA ME                           000000000000000040301                     
1040001300020U 46000000000000000000000000000000000000000000000000000000000000000000000067522000000000067522000000000000000000000000000000100220261102202600000000000000000000000000000000000000000000000000000000000000000000000000000000       
1040001300021T 460000004910850000000   14999000002930240812930240        100220260000000000011382370000002930240                  092006885646000180VS IND E COM DE MOLDURAS LTDA                     000000000000000040301                     
1040001300022U 46000000000000000000000000000000000000000000000000000000000000000000000001138000000000001138000000000000000000000000000000100220261102202600000000000000000000000000000000000000000000000000000000000000000000000000000000       
1040001300023T 460000004910850000000   14999000002934804112934804        100220260000000004691437480000002934804                  092058489844000128VILLE POSITANO RESIDENCIAL SPE LTDA               000000000000000040301                     
1040001300024U 46000000000000000000000000000000000000000000000000000000000000000000000469143000000000469143000000000000000000000000000000100220261102202600000000000000000000000000000000000000000000000000000000000000000000000000000000       
1040001300025T 460000004910850000000   14999000002934808412934808        100220260000000000014050010000002934808                  092052802223000176CERVEJARIA BRACONORTENSE LTDA                     000000000000000040301                     
1040001300026U 46000000000000000000000000000000000000000000000000000000000000000000000001405000000000001405000000000000000000000000000000100220261102202600000000000000000000000000000000000000000000000000000000000000000000000000000000       
1040001300027T 460000004910850000000   14999000002935031312935031        100220260000000000005357480000002935031                  092086444163000189COOPERATIVA DE ELETRICIDADE DE SAO LUDGE          000000000000000040301                     
1040001300028U 46000000000000000000000000000000000000000000000000000000000000000000000000535000000000000535000000000000000000000000000000100220261102202600000000000000000000000000000000000000000000000000000000000000000000000000000000       
1040001300029T 460000004910850000000   14999000002936777112936777        120320260000000000007907560000002936777                  092025013682000106GAIDZINSKI TELHAS LTDA                            000000000000000040301                     
1040001300030U 46000000000000000000000000000000000000000000000000000000000000000000000000790000000000000790000000000000000000000000000000100220261102202600000000000000000000000000000000000000000000000000000000000000000000000000000000       
1040001300031T 460000004910850000000   14999000002936937512936937        110520260000000002077231330000002936937                  091000011571930990JULIANDRO CARDOZO LOCH                            000000000000000040301                     
1040001300032U 46000000000000000000000000000000000000000000000000000000000000000000000207723000000000207723000000000000000000000000000000100220261102202600000000000000000000000000000000000000000000000000000000000000000000000000000000       
1040001300033T 460000004910850000000   14999000002936938312936938        060320260000000000387661040107002936938                  091000001732912955JANIR MARCOS MEDEIROS                             000000000000000620300                     
1040001300034U 46000000000000000000000000001938000000000000000000000000000000000000000036828000000000036828000000000000000000000000000000100220261002202600000000000000000000000000000000000000000000000000000000000000000000000000000000       
1040001300035T 460000004910850000000   14999000002936939112936939        060320260000000000496201040107002936939                  091000001732912955JANIR MARCOS MEDEIROS                             000000000000000620300                     
1040001300036U 46000000000000000000000000009924000000000000000000000000000000000000000039696000000000039696000000000000000000000000000000100220261002202600000000000000000000000000000000000000000000000000000000000000000000000000000000       
10400015         00003800000000000000000000000000000000000000000000000000000000000000000000000000000000000000000000                                                                                                                             
10499999         000001000040                                                                                                                                                                                                                   
