10400000         2829265510001450000000000000000000001070749108500000000MUNICIPIO DE BRACO DO NORTE   C ECON FEDERAL                          71002202621270500005004000000                    RET ONLINE-PRODUCAO               000            
10400011T0100030 20829265510001450000000000000000000001070749108500000000MUNICIPIO DE BRACO DO NORTE                                                                                   00000050100220260000000000                          00   
1040001300001T 460000004910850000000   14999000002906809012906809        100220260000000000133050010107002906809                  091000007606799911LETICIA MACHADO DOS SANTOS                        000000000000000620300                     
1040001300002U 46000000000000000000000000002240000000000000000000000000000000000000000011065000000000011065000000000000000000000000000000100220261002202600000000000000000000000000000000000000000000000000000000000000000000000000000000       
10400015         00000400000000000000000000000000000000000000000000000000000000000000000000000000000000000000000000                                                                                                                             
10499999         000001000006                                                                                                                                                                                                                   
