10400000         2829265510001450000000000000000000001070749108500000000MUNICIPIO DE BRACO DO NORTE   C ECON FEDERAL                          71002202609375600000804000000                    RET ONLINE-PRODUCAO               000            
10400011T0100030 20829265510001450000000000000000000001070749108500000000MUNICIPIO DE BRACO DO NORTE                                                                                   00000008100220260000000000                          00   
1040001300001T 460000004910850000000   14999000002921224712921224        100220260000000000064000010000002921224                  092007983903000189BIPACK - INDUSTRIAL DE EMBALAGENS LTDA            000000000000000040301                     
1040001300002U 46000000000000000000000000000000000000000000000000000000000000000000000006400000000000006400000000000000000000000000000000100220261102202600000000000000000000000000000000000000000000000000000000000000000000000000000000       
1040001300003T 460000004910850000000   14999000002922397412922397        100220260000000000467090010000002922397                  092078324514000190GAIDZINSKI EQUIPAMENTOS LTDA                      000000000000000040301                     
1040001300004U 46000000000000000000000000000000000000000000000000000000000000000000000046709000000000046709000000000000000000000000000000100220261102202600000000000000000000000000000000000000000000000000000000000000000000000000000000       
1040001300005T 460000004910850000000   14999000002924819512924819        080620260000000000388352600000002924819                  091000010108128903DEREK LUIZ FABRE                                  000000000000000040301                     
1040001300006U 46000000000000000000000000000000000000000000000000000000000000000000000038835000000000038835000000000000000000000000000000100220261102202600000000000000000000000000000000000000000000000000000000000000000000000000000000       
1040001300007T 460000004910850000000   14999000002930329312930329        100220260000000000005000010000002930329                  092078324514000190GAIDZINSKI EQUIPAMENTOS LTDA                      000000000000000040301                     
1040001300008U 46000000000000000000000000000000000000000000000000000000000000000000000000500000000000000500000000000000000000000000000000100220261102202600000000000000000000000000000000000000000000000000000000000000000000000000000000       
10400015         00001000000000000000000000000000000000000000000000000000000000000000000000000000000000000000000000                                                                                                                             
10499999         000001000012                                                                                                                                                                                                                   
