10400000         2829265510001450000000000000000000001070749108500000000MUNICIPIO DE BRACO DO NORTE   C ECON FEDERAL                          71002202612213600001904000000                    RET ONLINE-PRODUCAO               000            
10400011T0100030 20829265510001450000000000000000000001070749108500000000MUNICIPIO DE BRACO DO NORTE                                                                                   00000019100220260000000000                          00   
1040001300001T 460000004910850000000   14999000002910154212910154        020320260000000000360241040107002910154                  091000064249212904SECILIA CARDOZO FERREIRA                          000000000000000020101                     
1040001300002U 46000000000000000000000000010438000000000000000000000000000000000000000025586000000000025586000000000000000000000000000000100220261102202600000000000000000000000000000000000000000000000000000000000000000000000000000000       
1040001300003T 460000004910850000000   14999000002921404512921404        060320260000000002269667560000002921404                  092034121452000143AVISTOSO LOTEAMENTOS LTDA                         000000000000000040301                     
1040001300004U 46000000000000000000000000000000000000000000000000000000000000000000000226966000000000226966000000000000000000000000000000100220261102202600000000000000000000000000000000000000000000000000000000000000000000000000000000       
1040001300005T 460000004910850000000   14999000002923561112923561        060320260000000002269661360000002923561                  092057352811000179ENGTER PARTICIPACOES LTDA                         000000000000000040301                     
1040001300006U 46000000000000000000000000000000000000000000000000000000000000000000000226966000000000226966000000000000000000000000000000100220261102202600000000000000000000000000000000000000000000000000000000000000000000000000000000       
1040001300007T 460000004910850000000   14999000002930323412930323        100220260000000000066310330000002930323                  092088212113102280COMERCIO DE MEDICAMENTOS BRAIR LTDA               000000000000000040301                     
1040001300008U 46000000000000000000000000000000000000000000000000000000000000000000000006631000000000006631000000000000000000000000000000100220261102202600000000000000000000000000000000000000000000000000000000000000000000000000000000       
10400015         00001000000000000000000000000000000000000000000000000000000000000000000000000000000000000000000000                                                                                                                             
10499999         000001000012                                                                                                                                                                                                                   
