10400000         2829265510001450000000000000000000001070749108500000000MUNICIPIO DE BRACO DO NORTE   C ECON FEDERAL                          71002202620120900004704000000                    RET ONLINE-PRODUCAO               000            
10400011T0100030 20829265510001450000000000000000000001070749108500000000MUNICIPIO DE BRACO DO NORTE                                                                                   00000047100220260000000000                          00   
1040001300001T 460000004910850000000   14999000002922321412922321        100220260000000002135427560000002922321                  092050290638000182MF PECAS E ACESSORIOS LTDA                        000000000000000040301                     
1040001300002U 46000000000000000000000000000000000000000000000000000000000000000000000213542000000000213542000000000000000000000000000000100220261102202600000000000000000000000000000000000000000000000000000000000000000000000000000000       
1040001300003T 460000004910850000000   14999000002922370212922370        100220260000000000482221360000002922370                  092057467582000138MEURER GESTAO IMOBILIARIA LTDA                    000000000000000040301                     
1040001300004U 46000000000000000000000000000000000000000000000000000000000000000000000048222000000000048222000000000000000000000000000000100220261102202600000000000000000000000000000000000000000000000000000000000000000000000000000000       
1040001300005T 460000004910850000000   14999000002922401612922401        100220260000000000002807560000002922401                  092076602234000170IRMAOS OENNING LTDA                               000000000000000040301                     
1040001300006U 46000000000000000000000000000000000000000000000000000000000000000000000000280000000000000280000000000000000000000000000000100220261102202600000000000000000000000000000000000000000000000000000000000000000000000000000000       
1040001300007T 460000004910850000000   14999000002930293912930293        100220260000000000010727560000002930293                  092002119829000133AUTO POSTO OENNING LTDA                           000000000000000040301                     
1040001300008U 46000000000000000000000000000000000000000000000000000000000000000000000001072000000000001072000000000000000000000000000000100220261102202600000000000000000000000000000000000000000000000000000000000000000000000000000000       
1040001300009T 460000004910850000000   14999000002930405212930405        100220260000000000007167560000002930405                  092076602234000170IRMAOS OENNING LTDA                               000000000000000040301                     
1040001300010U 46000000000000000000000000000000000000000000000000000000000000000000000000716000000000000716000000000000000000000000000000100220261102202600000000000000000000000000000000000000000000000000000000000000000000000000000000       
1040001300011T 460000004910850000000   14999000002930613612930613        100220260000000000357031040107002930613                  091000051382881991JOAO PEREIRA REDIVO                               000000000000000620300                     
1040001300012U 46000000000000000000000000000000000000000000000000000000000000000000000035703000000000035703000000000000000000000000000000100220261002202600000000000000000000000000000000000000000000000000000000000000000000000000000000       
10400015         00001400000000000000000000000000000000000000000000000000000000000000000000000000000000000000000000                                                                                                                             
10499999         000001000016                                                                                                                                                                                                                   
