10400000         2829265510001450000000000000000000001070749108500000000MUNICIPIO DE BRACO DO NORTE   C ECON FEDERAL                          71002202617070800003604000000                    RET ONLINE-PRODUCAO               000            
10400011T0100030 20829265510001450000000000000000000001070749108500000000MUNICIPIO DE BRACO DO NORTE                                                                                   00000036100220260000000000                          00   
1040001300001T 460000004910850000000   14999000002922462812922462        100220260000000002750110010000002922462                  092007054573000147VINCITORE VEICULOS LTDA                           000000000000000040301                     
1040001300002U 46000000000000000000000000000000000000000000000000000000000000000000000275011000000000275011000000000000000000000000000000100220261102202600000000000000000000000000000000000000000000000000000000000000000000000000000000       
1040001300003T 460000004910850000000   14999000002924909412924909        100220260000000000107881360000002924909                  092052125950000146MEDGOV GESTAO DE SERVICOS DE SAUDE LTDA           000000000000000040301                     
1040001300004U 46000000000000000000000000000000000000000000000000000000000000000000000010788000000000010788000000000000000000000000000000100220261102202600000000000000000000000000000000000000000000000000000000000000000000000000000000       
1040001300005T 460000004910850000000   14999000002924910812924910        100220260000000000603281360000002924910                  092052125950000146MEDGOV GESTAO DE SERVICOS DE SAUDE LTDA           000000000000000040301                     
1040001300006U 46000000000000000000000000000000000000000000000000000000000000000000000060328000000000060328000000000000000000000000000000100220261102202600000000000000000000000000000000000000000000000000000000000000000000000000000000       
1040001300007T 460000004910850000000   14999000002934934012934934        100220260000000001029560010000002934934                  092007847822000151ENGFORT INDUSTRIA E COMERCIO LTDA                 000000000000000040301                     
1040001300008U 46000000000000000000000000000000000000000000000000000000000000000000000102956000000000102956000000000000000000000000000000100220261102202600000000000000000000000000000000000000000000000000000000000000000000000000000000       
1040001300009T 460000004910850000000   14999000002934982012934982        100220260000000000060002370000002934982                  092006138900000186MAGIL COMERCIO DE PRODUTOS LTDA - ME              000000000000000040301                     
1040001300010U 46000000000000000000000000000000000000000000000000000000000000000000000006000000000000006000000000000000000000000000000000100220261102202600000000000000000000000000000000000000000000000000000000000000000000000000000000       
10400015         00001200000000000000000000000000000000000000000000000000000000000000000000000000000000000000000000                                                                                                                             
10499999         000001000014                                                                                                                                                                                                                   
