10400000         2829265510001450000000000000000000001070749108500000000MUNICIPIO DE BRACO DO NORTE   C ECON FEDERAL                          71002202617223900003704000000                    RET ONLINE-PRODUCAO               000            
10400011T0100030 20829265510001450000000000000000000001070749108500000000MUNICIPIO DE BRACO DO NORTE                                                                                   00000037100220260000000000                          00   
1040001300001T 460000004910850000000   14999000002922255212922255        100220260000000001664711040166202922255                  092010764705000724IPG - INSTITUTO DE POS GRADUACAO LTDA             000000000000000060301                     
1040001300002U 46000000000000000000000000000000000000000000000000000000000000000000000166471000000000166471000000000000000000000000000000100220261102202600000000000000000000000000000000000000000000000000000000000000000000000000000000       
1040001300003T 460000004910850000000   14999000002922418012922418        100220260000000000022090010000002922418                  092089848543071511LOJAS COLOMBO SA COMERCIO DE UTILIDADES           000000000000000040301                     
1040001300004U 46000000000000000000000000000000000000000000000000000000000000000000000002209000000000002209000000000000000000000000000000100220261102202600000000000000000000000000000000000000000000000000000000000000000000000000000000       
1040001300005T 460000004910850000000   14999000002924911612924911        100220260000000000215751360000002924911                  092052125950000146MEDGOV GESTAO DE SERVICOS DE SAUDE LTDA           000000000000000040301                     
1040001300006U 46000000000000000000000000000000000000000000000000000000000000000000000021575000000000021575000000000000000000000000000000100220261102202600000000000000000000000000000000000000000000000000000000000000000000000000000000       
1040001300007T 460000004910850000000   14999000002930291212930291        100220260000000000009580010000002930291                  092089848543071511LOJAS COLOMBO SA COMERCIO DE UTILIDADES           000000000000000040301                     
1040001300008U 46000000000000000000000000000000000000000000000000000000000000000000000000958000000000000958000000000000000000000000000000100220261102202600000000000000000000000000000000000000000000000000000000000000000000000000000000       
1040001300009T 460000004910850000000   14999000002930394312930394        100220260000000000668337560000002930394                  092003500070000601RECH E SILVA SUPERMERCADO LTDA                    000000000000000040301                     
1040001300010U 46000000000000000000000000000000000000000000000000000000000000000000000066833000000000066833000000000000000000000000000000100220261102202600000000000000000000000000000000000000000000000000000000000000000000000000000000       
1040001300011T 460000004910850000000   14999000002935045312935045        100220260000000002572290850000002935045                  092009431070001493SONEGO CONSTRUCOES LTDA                           000000000000000040301                     
1040001300012U 46000000000000000000000000000000000000000000000000000000000000000000000257229000000000257229000000000000000000000000000000100220261102202600000000000000000000000000000000000000000000000000000000000000000000000000000000       
1040001300013T 460000004910850000000   14999000002935419012935419        100220260000000000305650010000002935419                  091000075782049987FABIANO GERMANO                                   000000000000000040301                     
1040001300014U 46000000000000000000000000000000000000000000000000000000000000000000000030565000000000030565000000000000000000000000000000100220261102202600000000000000000000000000000000000000000000000000000000000000000000000000000000       
10400015         00001600000000000000000000000000000000000000000000000000000000000000000000000000000000000000000000                                                                                                                             
10499999         000001000018                                                                                                                                                                                                                   
