10400000         2829265510001450000000000000000000001070749108500000000MUNICIPIO DE BRACO DO NORTE   C ECON FEDERAL                          71002202609222000000704000000                    RET ONLINE-PRODUCAO               000            
10400011T0100030 20829265510001450000000000000000000001070749108500000000MUNICIPIO DE BRACO DO NORTE                                                                                   00000007100220260000000000                          00   
1040001300001T 460000004910850000000   14999000002924776812924776        100220260000000000365560010000002924776                  091000016739884900ALVARO JOSE SCHULTER                              000000000000000040301                     
1040001300002U 46000000000000000000000000000000000000000000000000000000000000000000000036556000000000036556000000000000000000000000000000100220261102202600000000000000000000000000000000000000000000000000000000000000000000000000000000       
1040001300003T 460000004910850000000   14999000002928866912928866        060320260000000001357881040107002928866                  092003132163000116ROSA DEMETRIO ROHDEN ME                           000000000000000060301                     
1040001300004U 46000000000000000000000000027158000000000000000000000000000000000000000108630000000000108630000000000000000000000000000000100220261102202600000000000000000000000000000000000000000000000000000000000000000000000000000000       
1040001300005T 460000004910850000000   14999000002930244012930244        100220260000000000006563410000002930244                  092007324378000602DUTRA COMERCIO FARMACEUTICO LTDA                  000000000000000040301                     
1040001300006U 46000000000000000000000000000000000000000000000000000000000000000000000000656000000000000656000000000000000000000000000000100220261102202600000000000000000000000000000000000000000000000000000000000000000000000000000000       
1040001300007T 460000004910850000000   14999000002930376512930376        100220260000000000012012370000002930376                  092084683481017061CIA LATINO AMERICANA DE MEDICAMENTOS              000000000000000040301                     
1040001300008U 46000000000000000000000000000000000000000000000000000000000000000000000001201000000000001201000000000000000000000000000000100220261102202600000000000000000000000000000000000000000000000000000000000000000000000000000000       
1040001300009T 460000004910850000000   14999000002930392712930392        100220260000000000085062370000002930392                  092084683481081401CIA LATINO AMERICANA DE MEDICAMENTOS              000000000000000040301                     
1040001300010U 46000000000000000000000000000000000000000000000000000000000000000000000008506000000000008506000000000000000000000000000000100220261102202600000000000000000000000000000000000000000000000000000000000000000000000000000000       
1040001300011T 460000004910850000000   14999000002935163812935163        060320260000000000077537560000002935163                  092026236071000181BRAPO CONSTRUTORA E INCORPORADORA LTDA            000000000000000040301                     
1040001300012U 46000000000000000000000000000000000000000000000000000000000000000000000007753000000000007753000000000000000000000000000000100220261102202600000000000000000000000000000000000000000000000000000000000000000000000000000000       
1040001300013T 460000004910850000000   14999000002935902712935902        100220260000000000008383410000002935902                  092007324378000602DUTRA COMERCIO FARMACEUTICO LTDA                  000000000000000040301                     
1040001300014U 46000000000000000000000000000000000000000000000000000000000000000000000000838000000000000838000000000000000000000000000000100220261102202600000000000000000000000000000000000000000000000000000000000000000000000000000000       
10400015         00001600000000000000000000000000000000000000000000000000000000000000000000000000000000000000000000                                                                                                                             
10499999         000001000018                                                                                                                                                                                                                   
