10400000         2829265510001450000000000000000000001070749108500000000MUNICIPIO DE BRACO DO NORTE   C ECON FEDERAL                          71002202617511200003904000000                    RET ONLINE-PRODUCAO               000            
10400011T0100030 20829265510001450000000000000000000001070749108500000000MUNICIPIO DE BRACO DO NORTE                                                                                   00000039100220260000000000                          00   
1040001300001T 460000004910850000000   14999000002922484912922484        100220260000000001490191360000002922484                  092022469904000101JOANA PRA LTDA                                    000000000000000040301                     
1040001300002U 46000000000000000000000000000000000000000000000000000000000000000000000149019000000000149019000000000000000000000000000000100220261102202600000000000000000000000000000000000000000000000000000000000000000000000000000000       
1040001300003T 460000004910850000000   14999000002924906012924906        080620260000000000135220010000002924906                  091000001886892903INACIO BOEING                                     000000000000000040301                     
1040001300004U 46000000000000000000000000000000000000000000000000000000000000000000000013522000000000013522000000000000000000000000000000100220261102202600000000000000000000000000000000000000000000000000000000000000000000000000000000       
1040001300005T 460000004910850000000   14999000002930264512930264        100220260000000000007385090000002930264                  092059743454000103RESTAURANTE CABANA PERIN LTDA                     000000000000000040301                     
1040001300006U 46000000000000000000000000000000000000000000000000000000000000000000000000738000000000000738000000000000000000000000000000100220261102202600000000000000000000000000000000000000000000000000000000000000000000000000000000       
1040001300007T 460000004910850000000   14999000002930402812930402        100220260000000000003717480000002930402                  092031561891000189TORRES ATELIE ORAL LTDA                           000000000000000040301                     
1040001300008U 46000000000000000000000000000000000000000000000000000000000000000000000000371000000000000371000000000000000000000000000000100220261102202600000000000000000000000000000000000000000000000000000000000000000000000000000000       
1040001300009T 460000004910850000000   14999000002930435412930435        100220260000000000008117560000002930435                  092003839524000169RADIO NOVO SECULO LTDA                            000000000000000040301                     
1040001300010U 46000000000000000000000000000000000000000000000000000000000000000000000000811000000000000811000000000000000000000000000000100220261102202600000000000000000000000000000000000000000000000000000000000000000000000000000000       
1040001300011T 460000004910850000000   14999000002934865312934865        100220260000000001043400010000002934865                  092000820854000114QUALIDADE CONSTRUCOES   PAVIMENTACOES LT          000000000000000040301                     
1040001300012U 46000000000000000000000000000000000000000000000000000000000000000000000104340000000000104340000000000000000000000000000000100220261102202600000000000000000000000000000000000000000000000000000000000000000000000000000000       
1040001300013T 460000004910850000000   14999000002936940512936940        100320260000000003297922370107002936940                  091000005096109941BRUNO HEIDEMANN                                   000000000000000620300                     
1040001300014U 46000000000000000000000000000000000000000000000000000000000000000000000329792000000000329792000000000000000000000000000000100220261002202600000000000000000000000000000000000000000000000000000000000000000000000000000000       
10400015         00001600000000000000000000000000000000000000000000000000000000000000000000000000000000000000000000                                                                                                                             
10499999         000001000018                                                                                                                                                                                                                   
