10400000         2829265510001450000000000000000000001070749108500000000MUNICIPIO DE BRACO DO NORTE   C ECON FEDERAL                          71002202620271400004804000000                    RET ONLINE-PRODUCAO               000            
10400011T0100030 20829265510001450000000000000000000001070749108500000000MUNICIPIO DE BRACO DO NORTE                                                                                   00000048100220260000000000                          00   
1040001300001T 460000004910850000000   14999000002930155012930155        100220260000000000015047560000002930155                  092026236071000181BRAPO CONSTRUTORA E INCORPORADORA LTDA            000000000000000040301                     
1040001300002U 46000000000000000000000000000000000000000000000000000000000000000000000001504000000000001504000000000000000000000000000000100220261102202600000000000000000000000000000000000000000000000000000000000000000000000000000000       
1040001300003T 460000004910850000000   14999000002930285812930285        100220260000000000007342370000002930285                  092096418264044500LOJAS QUERO-QUERO S.A.                            000000000000000040301                     
1040001300004U 46000000000000000000000000000000000000000000000000000000000000000000000000734000000000000734000000000000000000000000000000100220261102202600000000000000000000000000000000000000000000000000000000000000000000000000000000       
1040001300005T 460000004910850000000   14999000002930415012930415        100220260000000000080402370000002930415                  092090347840007716TK ELEVADORES BRASIL LTDA                         000000000000000040301                     
1040001300006U 46000000000000000000000000000000000000000000000000000000000000000000000008040000000000008040000000000000000000000000000000100220261102202600000000000000000000000000000000000000000000000000000000000000000000000000000000       
1040001300007T 460000004910850000000   14999000002930614412930614        100220260000000000357031040107002930614                  091000051382881991JOAO PEREIRA REDIVO                               000000000000000610300                     
1040001300008U 46000000000000000000000000000000000000000000000000000000000000000000000035703000000000035703000000000000000000000000000000100220261002202600000000000000000000000000000000000000000000000000000000000000000000000000000000       
10400015         00001000000000000000000000000000000000000000000000000000000000000000000000000000000000000000000000                                                                                                                             
10499999         000001000012                                                                                                                                                                                                                   
