10400000         2829265510001450000000000000000000001070749108500000000MUNICIPIO DE BRACO DO NORTE   C ECON FEDERAL                          70302202619360700003204000000                    RET ONLINE-PRODUCAO               000            
10400011T0100030 20829265510001450000000000000000000001070749108500000000MUNICIPIO DE BRACO DO NORTE                                                                                   00000032030220260000000000                          00   
1040001300001T 460000004910850000000   14999000002911411312911411        030220260000000001935761040107002911411                  092027816878000156PINHEIRAL SUPERMERCADO LTDA                       000000000000000620300                     
1040001300002U 46000000000000000000000000045273000000000000000000000000000000000000000148303000000000148303000000000000000000000000000000030220260302202600000000000000000000000000000000000000000000000000000000000000000000000000000000       
1040001300003T 460000004910850000000   14999000002911425312911425        030220260000000001476901040107002911425                  092048340842000119PINHEIRAL SUPERMERCADO E MATERIAIS DE CO          000000000000000620300                     
1040001300004U 46000000000000000000000000031781000000000000000000000000000000000000000115909000000000115909000000000000000000000000000000030220260302202600000000000000000000000000000000000000000000000000000000000000000000000000000000       
10400015         00000600000000000000000000000000000000000000000000000000000000000000000000000000000000000000000000                                                                                                                             
10499999         000001000008                                                                                                                                                                                                                   
