10400000         2829265510001450000000000000000000001070749108500000000MUNICIPIO DE BRACO DO NORTE   C ECON FEDERAL                          70302202607363400000104000000                    RET ONLINE-PRODUCAO               000            
10400011T0100030 20829265510001450000000000000000000001070749108500000000MUNICIPIO DE BRACO DO NORTE                                                                                   00000001030220260000000000                          00   
1040001300001T 460000004910850000000   14999000002877608212877608        090220260000000000284943410000002877608                  091000054284023934ADECIR PEREIRA MAGNUS                             000000000000000040301                     
1040001300002U 46000000000000000000000000000000000000000000000000000000000000000000000028494000000000028494000000000000000000000000000000030220260402202600000000000000000000000000000000000000000000000000000000000000000000000000000000       
10400015         00000400000000000000000000000000000000000000000000000000000000000000000000000000000000000000000000                                                                                                                             
10499999         000001000006                                                                                                                                                                                                                   
