10400000         2829265510001450000000000000000000001070749108500000000MUNICIPIO DE BRACO DO NORTE   C ECON FEDERAL                          70302202611231400001404000000                    RET ONLINE-PRODUCAO               000            
10400011T0100030 20829265510001450000000000000000000001070749108500000000MUNICIPIO DE BRACO DO NORTE                                                                                   00000014030220260000000000                          00   
1040001300001T 460000004910850000000   14999000002930681012930681        010320260000000000077531040107002930681                  091000060737190949MANOEL CARLOS OURIQUES VIEIRA                     000000000000000620300                     
1040001300002U 46000000000000000000000000000000000000000000000000000000000000000000000007753000000000007753000000000000000000000000000000030220260302202600000000000000000000000000000000000000000000000000000000000000000000000000000000       
1040001300003T 460000004910850000000   14999000002933634512933634        020320260000000002552320010000002933634                  091000064316220900FATIMA MARIA DE BONA CANCILIER                    000000000000000040301                     
1040001300004U 46000000000000000000000000000000000000000000000000000000000000000000000255232000000000255232000000000000000000000000000000030220260402202600000000000000000000000000000000000000000000000000000000000000000000000000000000       
10400015         00000600000000000000000000000000000000000000000000000000000000000000000000000000000000000000000000                                                                                                                             
10499999         000001000008                                                                                                                                                                                                                   
