10400000         2829265510001450000000000000000000001070749108500000000MUNICIPIO DE BRACO DO NORTE   C ECON FEDERAL                          70302202609513300000904000000                    RET ONLINE-PRODUCAO               000            
10400011T0100030 20829265510001450000000000000000000001070749108500000000MUNICIPIO DE BRACO DO NORTE                                                                                   00000009030220260000000000                          00   
1040001300001T 460000004910850000000   14999000002921236012921236        060320260000000002647940010000002921236                  092054172864000110BN SERVICOS FINANCEIROS LTDA                      000000000000000040301                     
1040001300002U 46000000000000000000000000000000000000000000000000000000000000000000000264794000000000264794000000000000000000000000000000030220260402202600000000000000000000000000000000000000000000000000000000000000000000000000000000       
1040001300003T 460000004910850000000   14999000002933666312933666        030520260000000002815231360000002933666                  092063333350000190D2 INVESTIMENTOS E PARTICIPACOES LTDA             000000000000000040301                     
1040001300004U 46000000000000000000000000000000000000000000000000000000000000000000000281523000000000281523000000000000000000000000000000030220260402202600000000000000000000000000000000000000000000000000000000000000000000000000000000       
10400015         00000600000000000000000000000000000000000000000000000000000000000000000000000000000000000000000000                                                                                                                             
10499999         000001000008                                                                                                                                                                                                                   
