10400000         2829265510001450000000000000000000001070749108500000000MUNICIPIO DE BRACO DO NORTE   C ECON FEDERAL                          70302202611071000001304000000                    RET ONLINE-PRODUCAO               000            
10400011T0100030 20829265510001450000000000000000000001070749108500000000MUNICIPIO DE BRACO DO NORTE                                                                                   00000013030220260000000000                          00   
1040001300001T 460000004910850000000   14999000002923888212923888        030220260000000000015160010000002923888                  091000001886892903INACIO BOEING                                     000000000000000040301                     
1040001300002U 46000000000000000000000000000000000000000000000000000000000000000000000001516000000000001516000000000000000000000000000000030220260402202600000000000000000000000000000000000000000000000000000000000000000000000000000000       
1040001300003T 460000004910850000000   14999000002930239412930239        180220260000000000003601040107002930239                  091000054239362920PEDRO JOAO MORAES                                 000000000000000020101                     
1040001300004U 46000000000000000000000000000000000000000000000000000000000000000000000000360000000000000360000000000000000000000000000000030220260402202600000000000000000000000000000000000000000000000000000000000000000000000000000000       
1040001300005T 460000004910850000000   14999000002930683712930683        010320260000000000077531040107002930683                  091000051383284920JOACIR OURIQUES VIEIRA                            000000000000000620300                     
1040001300006U 46000000000000000000000000000000000000000000000000000000000000000000000007753000000000007753000000000000000000000000000000030220260302202600000000000000000000000000000000000000000000000000000000000000000000000000000000       
10400015         00000800000000000000000000000000000000000000000000000000000000000000000000000000000000000000000000                                                                                                                             
10499999         000001000010                                                                                                                                                                                                                   
