10400000         2829265510001450000000000000000000001070749108500000000MUNICIPIO DE BRACO DO NORTE   C ECON FEDERAL                          70302202614503300002404000000                    RET ONLINE-PRODUCAO               000            
10400011T0100030 20829265510001450000000000000000000001070749108500000000MUNICIPIO DE BRACO DO NORTE                                                                                   00000024030220260000000000                          00   
1040001300001T 460000004910850000000   14999000002803408612803408        040220260000000000178217560000002803408                  092022718436000153FILHOS PEREIRA LTDA                               000000000000000040101                     
1040001300002U 46000000000000000000000000000000000000000000000000000000000000000000000017821000000000017821000000000000000000000000000000030220260402202600000000000000000000000000000000000000000000000000000000000000000000000000000000       
10400015         00000400000000000000000000000000000000000000000000000000000000000000000000000000000000000000000000                                                                                                                             
10499999         000001000006                                                                                                                                                                                                                   
