10400000         2829265510001450000000000000000000001070749108500000000MUNICIPIO DE BRACO DO NORTE   C ECON FEDERAL                          70302202614363000002304000000                    RET ONLINE-PRODUCAO               000            
10400011T0100030 20829265510001450000000000000000000001070749108500000000MUNICIPIO DE BRACO DO NORTE                                                                                   00000023030220260000000000                          00   
1040001300001T 460000004910850000000   14999000002923874212923874        030220260000000000000021040107002923874                  092019348706000177COMERCIAL DE ALIMENTOS DOCES ROSINHA LTD          000000000000000020101                     
1040001300002U 46000000000000198000000000000000000000000000000000000000000000000000000000200000000000000200000000000000000000000000000000030220260402202600000000000000000000000000000000000000000000000000000000000000000000000000000000       
1040001300003T 460000004910850000000   14999000002923877712923877        030220260000000000000021040107002923877                  092004563019000105DOMICIO JERONIMO LTDA                             000000000000000020101                     
1040001300004U 46000000000000198000000000000000000000000000000000000000000000000000000000200000000000000200000000000000000000000000000000030220260402202600000000000000000000000000000000000000000000000000000000000000000000000000000000       
10400015         00000600000000000000000000000000000000000000000000000000000000000000000000000000000000000000000000                                                                                                                             
10499999         000001000008                                                                                                                                                                                                                   
