10400000         2829265510001450000000000000000000001070749108500000000MUNICIPIO DE BRACO DO NORTE   C ECON FEDERAL                          70302202610370400001104000000                    RET ONLINE-PRODUCAO               000            
10400011T0100030 20829265510001450000000000000000000001070749108500000000MUNICIPIO DE BRACO DO NORTE                                                                                   00000011030220260000000000                          00   
1040001300001T 460000004910850000000   14999000002898014312898014        240220260000000001320961360000002898014                  092029928110000108CM SERVICOS LTDA                                  000000000000000040301                     
1040001300002U 46000000000000000000000000000000000000000000000000000000000000000000000132096000000000132096000000000000000000000000000000030220260402202600000000000000000000000000000000000000000000000000000000000000000000000000000000       
1040001300003T 460000004910850000000   14999000002907515012907515        060320260000000002087751040107002907515                  092028011802000116CLINIFACE CLINICA ODONTOLOGICA LTDA               000000000000000020101                     
1040001300004U 46000000000000000000000000000000000000000000000000000000000000000000000208775000000000208775000000000000000000000000000000030220260402202600000000000000000000000000000000000000000000000000000000000000000000000000000000       
1040001300005T 460000004910850000000   14999000002907520712907520        060320260000000000942001040107002907520                  092028011802000116CLINIFACE CLINICA ODONTOLOGICA LTDA               000000000000000020101                     
1040001300006U 46000000000000000000000000000000000000000000000000000000000000000000000094200000000000094200000000000000000000000000000000030220260402202600000000000000000000000000000000000000000000000000000000000000000000000000000000       
1040001300007T 460000004910850000000   14999000002913636212913636        050620260000000000697781040107002913636                  092017312389000103LEO ADMINISTRADORA DE IMOVEIS LTDA                000000000000000020101                     
1040001300008U 46000000000000000000000000000000000000000000000000000000000000000000000069778000000000069778000000000000000000000000000000030220260402202600000000000000000000000000000000000000000000000000000000000000000000000000000000       
1040001300009T 460000004910850000000   14999000002930733712930733        020320260000000000077531040107002930733                  091000008143190927GUILHERME SOUZA EDUARDO                           000000000000000060301                     
1040001300010U 46000000000000000000000000000000000000000000000000000000000000000000000007753000000000007753000000000000000000000000000000030220260402202600000000000000000000000000000000000000000000000000000000000000000000000000000000       
10400015         00001200000000000000000000000000000000000000000000000000000000000000000000000000000000000000000000                                                                                                                             
10499999         000001000014                                                                                                                                                                                                                   
