10400000         2829265510001450000000000000000000001070749108500000000MUNICIPIO DE BRACO DO NORTE   C ECON FEDERAL                          70302202618063300003004000000                    RET ONLINE-PRODUCAO               000            
10400011T0100030 20829265510001450000000000000000000001070749108500000000MUNICIPIO DE BRACO DO NORTE                                                                                   00000030030220260000000000                          00   
1040001300001T 460000004910850000000   14999000002900049512900049        030220260000000005906790010000002900049                  091000090689712987MAURICIO MEURER                                   000000000000000040301                     
1040001300002U 46000000000000000000000000192253000000000000000000000000000000000000000398426000000000398426000000000000000000000000000000030220260402202600000000000000000000000000000000000000000000000000000000000000000000000000000000       
1040001300003T 460000004910850000000   14999000002933812712933812        040520260000000002717231330000002933812                  091000002162424959VANIO NAZARIO                                     000000000000000040301                     
1040001300004U 46000000000000000000000000000000000000000000000000000000000000000000000271723000000000271723000000000000000000000000000000030220260402202600000000000000000000000000000000000000000000000000000000000000000000000000000000       
1040001300005T 460000004910850000000   14999000002934013012934013        020320260000000000077533480000002934013                  091000048919950920DIVO MEURER DE ANDRADE                            000000000000000040301                     
1040001300006U 46000000000000000000000000000000000000000000000000000000000000000000000007753000000000007753000000000000000000000000000000030220260402202600000000000000000000000000000000000000000000000000000000000000000000000000000000       
10400015         00000800000000000000000000000000000000000000000000000000000000000000000000000000000000000000000000                                                                                                                             
10499999         000001000010                                                                                                                                                                                                                   
