10400000         2829265510001450000000000000000000001070749108500000000MUNICIPIO DE BRACO DO NORTE   C ECON FEDERAL                          70302202617201900002904000000                    RET ONLINE-PRODUCAO               000            
10400011T0100030 20829265510001450000000000000000000001070749108500000000MUNICIPIO DE BRACO DO NORTE                                                                                   00000029030220260000000000                          00   
1040001300001T 460000004910850000000   14999000002933533012933533        030220260000000001044781040107002933533                  091000092795099934LEVINO BLASIUS                                    000000000000000620300                     
1040001300002U 46000000000000000000000000035813000000000000000000000000000000000000000068665000000000068665000000000000000000000000000000030220260302202600000000000000000000000000000000000000000000000000000000000000000000000000000000       
10400015         00000400000000000000000000000000000000000000000000000000000000000000000000000000000000000000000000                                                                                                                             
10499999         000001000006                                                                                                                                                                                                                   
