10400000         2829265510001450000000000000000000001070749108500000000MUNICIPIO DE BRACO DO NORTE   C ECON FEDERAL                          70302202611514000001604000000                    RET ONLINE-PRODUCAO               000            
10400011T0100030 20829265510001450000000000000000000001070749108500000000MUNICIPIO DE BRACO DO NORTE                                                                                   00000016030220260000000000                          00   
1040001300001T 460000004910850000000   14999000002792619612792619        080220260000000000466180010000002792619                  092036457744000187EDSON JUNIOR WIGGERS LTDA                         000000000000000040301                     
1040001300002U 46000000000000000000000000000000000000000000000000000000000000000000000046618000000000046618000000000000000000000000000000030220260402202600000000000000000000000000000000000000000000000000000000000000000000000000000000       
1040001300003T 460000004910850000000   14999000002930466412930466        170220260000000000126910010000002930466                  092050238298000493IFEIER BIJUTERIAS E ACESSORIOS LTDA               000000000000000040301                     
1040001300004U 46000000000000000000000000000000000000000000000000000000000000000000000012691000000000012691000000000000000000000000000000030220260402202600000000000000000000000000000000000000000000000000000000000000000000000000000000       
1040001300005T 460000004910850000000   14999000002930467212930467        170220260000000000117230010000002930467                  092050238298000493IFEIER BIJUTERIAS E ACESSORIOS LTDA               000000000000000040301                     
1040001300006U 46000000000000000000000000000000000000000000000000000000000000000000000011723000000000011723000000000000000000000000000000030220260402202600000000000000000000000000000000000000000000000000000000000000000000000000000000       
10400015         00000800000000000000000000000000000000000000000000000000000000000000000000000000000000000000000000                                                                                                                             
10499999         000001000010                                                                                                                                                                                                                   
