10400000         2829265510001450000000000000000000001070749108500000000MUNICIPIO DE BRACO DO NORTE   C ECON FEDERAL                          70302202608364300000404000000                    RET ONLINE-PRODUCAO               000            
10400011T0100030 20829265510001450000000000000000000001070749108500000000MUNICIPIO DE BRACO DO NORTE                                                                                   00000004030220260000000000                          00   
1040001300001T 460000004910850000000   14999000002859001912859001        090220260000000000226460010000002859001                  091000082697396934SALETE BEZA DA SILVA                              000000000000000040301                     
1040001300002U 46000000000000000000000000000000000000000000000000000000000000000000000022646000000000022646000000000000000000000000000000030220260402202600000000000000000000000000000000000000000000000000000000000000000000000000000000       
1040001300003T 460000004910850000000   14999000002933509812933509        020320260000000000115447560000002933509                  092020778368000192NASA PRE MOLDADOS E CONSTRUCOES LTDA              000000000000000040301                     
1040001300004U 46000000000000000000000000000000000000000000000000000000000000000000000011544000000000011544000000000000000000000000000000030220260402202600000000000000000000000000000000000000000000000000000000000000000000000000000000       
10400015         00000600000000000000000000000000000000000000000000000000000000000000000000000000000000000000000000                                                                                                                             
10499999         000001000008                                                                                                                                                                                                                   
