10400000         2829265510001450000000000000000000001070749108500000000MUNICIPIO DE BRACO DO NORTE   C ECON FEDERAL                          70302202609380400000804000000                    RET ONLINE-PRODUCAO               000            
10400011T0100030 20829265510001450000000000000000000001070749108500000000MUNICIPIO DE BRACO DO NORTE                                                                                   00000008030220260000000000                          00   
1040001300001T 460000004910850000000   14999000002906514712906514        060220260000000000785271040445302906514                  091000067899803934HARLEY TOMAZ                                      000000000000000020101                     
1040001300002U 46000000000000000000000000029454000000000000000000000000000000000000000049073000000000049073000000000000000000000000000000030220260402202600000000000000000000000000000000000000000000000000000000000000000000000000000000       
1040001300003T 460000004910850000000   14999000002909377912909377        080620260000000000361161040107002909377                  091000047253835972SALESIO DUTRA                                     000000000000000020101                     
1040001300004U 46000000000000000000000000009029000000000000000000000000000000000000000027087000000000027087000000000000000000000000000000030220260402202600000000000000000000000000000000000000000000000000000000000000000000000000000000       
1040001300005T 460000004910850000000   14999000002922275712922275        100220260000000000088807480000002922275                  091000008326905976Juciara Anastacio Vieira                          000000000000000040301                     
1040001300006U 46000000000000000000000000000000000000000000000000000000000000000000000008880000000000008880000000000000000000000000000000030220260402202600000000000000000000000000000000000000000000000000000000000000000000000000000000       
10400015         00000800000000000000000000000000000000000000000000000000000000000000000000000000000000000000000000                                                                                                                             
10499999         000001000010                                                                                                                                                                                                                   
