10400000         2829265510001450000000000000000000001070749108500000000MUNICIPIO DE BRACO DO NORTE   C ECON FEDERAL                          70302202607504200000204000000                    RET ONLINE-PRODUCAO               000            
10400011T0100030 20829265510001450000000000000000000001070749108500000000MUNICIPIO DE BRACO DO NORTE                                                                                   00000002030220260000000000                          00   
1040001300001T 460000004910850000000   14999000002911786412911786        090220260000000000348621040107002911786                  092081619967000158UNIAO IND.COM.DE QUADROS LTDA                     000000000000000060301                     
1040001300002U 46000000000000000000000000013147000000000000000000000000000000000000000021715000000000021715000000000000000000000000000000030220260402202600000000000000000000000000000000000000000000000000000000000000000000000000000000       
10400015         00000400000000000000000000000000000000000000000000000000000000000000000000000000000000000000000000                                                                                                                             
10499999         000001000006                                                                                                                                                                                                                   
