10400000         2829265510001450000000000000000000001070749108500000000MUNICIPIO DE BRACO DO NORTE   C ECON FEDERAL                          70302202616204600002604000000                    RET ONLINE-PRODUCAO               000            
10400011T0100030 20829265510001450000000000000000000001070749108500000000MUNICIPIO DE BRACO DO NORTE                                                                                   00000026030220260000000000                          00   
1040001300001T 460000004910850000000   14999000002933957312933957        050320260000000008164617560000002933957                  091000010996760962SCHIRLEY BESSA TORRES                             000000000000000040301                     
1040001300002U 46000000000000000000000000000000000000000000000000000000000000000000000816461000000000816461000000000000000000000000000000030220260402202600000000000000000000000000000000000000000000000000000000000000000000000000000000       
10400015         00000400000000000000000000000000000000000000000000000000000000000000000000000000000000000000000000                                                                                                                             
10499999         000001000006                                                                                                                                                                                                                   
