10400000         2829265510001450000000000000000000001070749108500000000MUNICIPIO DE BRACO DO NORTE   C ECON FEDERAL                          70302202616504000002804000000                    RET ONLINE-PRODUCAO               000            
10400011T0100030 20829265510001450000000000000000000001070749108500000000MUNICIPIO DE BRACO DO NORTE                                                                                   00000028030220260000000000                          00   
1040001300001T 460000004910850000000   14999000002934011312934011        050320260000000000189491040107002934011                  092049842957000174VISADA BN ARQUITETURA  ENGENHARIA E AMBI          000000000000000620300                     
1040001300002U 46000000000000000000000000000000000000000000000000000000000000000000000018949000000000018949000000000000000000000000000000030220260302202600000000000000000000000000000000000000000000000000000000000000000000000000000000       
10400015         00000400000000000000000000000000000000000000000000000000000000000000000000000000000000000000000000                                                                                                                             
10499999         000001000006                                                                                                                                                                                                                   
