10400000         2829265510001450000000000000000000001070749108500000000MUNICIPIO DE BRACO DO NORTE   C ECON FEDERAL                          70302202613513100002004000000                    RET ONLINE-PRODUCAO               000            
10400011T0100030 20829265510001450000000000000000000001070749108500000000MUNICIPIO DE BRACO DO NORTE                                                                                   00000020030220260000000000                          00   
1040001300001T 460000004910850000000   14999000002923909912923909        030220260000000001000177480000002923909                  092013048463000175KN ESPELHOS LTDA                                  000000000000000040301                     
1040001300002U 46000000000000000000000000000000000000000000000000000000000000000000000100017000000000100017000000000000000000000000000000030220260402202600000000000000000000000000000000000000000000000000000000000000000000000000000000       
10400015         00000400000000000000000000000000000000000000000000000000000000000000000000000000000000000000000000                                                                                                                             
10499999         000001000006                                                                                                                                                                                                                   
