10400000         2829265510001450000000000000000000001070749108500000000MUNICIPIO DE BRACO DO NORTE   C ECON FEDERAL                          70302202616362300002704000000                    RET ONLINE-PRODUCAO               000            
10400011T0100030 20829265510001450000000000000000000001070749108500000000MUNICIPIO DE BRACO DO NORTE                                                                                   00000027030220260000000000                          00   
1040001300001T 460000004910850000000   14999000002900070312900070        030220260000000001558372600000002900070                  091000085438375968VANILDA LEANDRO OURIQUES                          000000000000000040301                     
1040001300002U 46000000000000000000000000000000000000000000000000000000000000000000000155837000000000155837000000000000000000000000000000030220260402202600000000000000000000000000000000000000000000000000000000000000000000000000000000       
1040001300003T 460000004910850000000   14999000002900111412900111        030220260000000000624987560000002900111                  091000010323511953LAURO MATES                                       000000000000000040301                     
1040001300004U 46000000000000000000000000034851000000000000000000000000000000000000000027647000000000027647000000000000000000000000000000030220260402202600000000000000000000000000000000000000000000000000000000000000000000000000000000       
1040001300005T 460000004910850000000   14999000002906732812906732        060320260000000001956221360000002906732                  092049996876000129ALLETS SERVICOS LTDA                              000000000000000040301                     
1040001300006U 46000000000000000000000000000000000000000000000000000000000000000000000195622000000000195622000000000000000000000000000000030220260402202600000000000000000000000000000000000000000000000000000000000000000000000000000000       
1040001300007T 460000004910850000000   14999000002923397012923397        060320260000000001103421360000002923397                  092031098638000130DAFF PARTICIPACOES LTDA                           000000000000000040301                     
1040001300008U 46000000000000000000000000000000000000000000000000000000000000000000000110342000000000110342000000000000000000000000000000030220260402202600000000000000000000000000000000000000000000000000000000000000000000000000000000       
10400015         00001000000000000000000000000000000000000000000000000000000000000000000000000000000000000000000000                                                                                                                             
10499999         000001000012                                                                                                                                                                                                                   
