10400000         2829265510001450000000000000000000001070749108500000000MUNICIPIO DE BRACO DO NORTE   C ECON FEDERAL                          70302202610524300001204000000                    RET ONLINE-PRODUCAO               000            
10400011T0100030 20829265510001450000000000000000000001070749108500000000MUNICIPIO DE BRACO DO NORTE                                                                                   00000012030220260000000000                          00   
1040001300001T 460000004910850000000   14999000002911558612911558        040220260000000001356107560000002911558                  091000004582026907LUCAS VOLPATO DA SILVA                            000000000000000040301                     
1040001300002U 46000000000000000000000000025969000000000000000000000000000000000000000109641000000000109641000000000000000000000000000000030220260402202600000000000000000000000000000000000000000000000000000000000000000000000000000000       
1040001300003T 460000004910850000000   14999000002912651012912651        090220260000000000214581040107002912651                  091000003668249962ANNY GIANNE CAMILO                                000000000000000610300                     
1040001300004U 46000000000000000000000000004320000000000000000000000000000000000000000017138000000000017138000000000000000000000000000000030220260302202600000000000000000000000000000000000000000000000000000000000000000000000000000000       
1040001300005T 460000004910850000000   14999000002923887412923887        030220260000000000015160010000002923887                  091000001886892903INACIO BOEING                                     000000000000000040301                     
1040001300006U 46000000000000000000000000000000000000000000000000000000000000000000000001516000000000001516000000000000000000000000000000030220260402202600000000000000000000000000000000000000000000000000000000000000000000000000000000       
10400015         00000800000000000000000000000000000000000000000000000000000000000000000000000000000000000000000000                                                                                                                             
10499999         000001000010                                                                                                                                                                                                                   
