10400000         2829265510001450000000000000000000001070749108500000000MUNICIPIO DE BRACO DO NORTE   C ECON FEDERAL                          70302202619501200003304000000                    RET ONLINE-PRODUCAO               000            
10400011T0100030 20829265510001450000000000000000000001070749108500000000MUNICIPIO DE BRACO DO NORTE                                                                                   00000033030220260000000000                          00   
1040001300001T 460000004910850000000   14999000002906370512906370        050220260000000000234857480000002906370                  091000022387170997JOAO FURLAN DE BONA                               000000000000000040301                     
1040001300002U 46000000000000000000000000006632000000000000000000000000000000000000000016853000000000016853000000000000000000000000000000030220260402202600000000000000000000000000000000000000000000000000000000000000000000000000000000       
10400015         00000400000000000000000000000000000000000000000000000000000000000000000000000000000000000000000000                                                                                                                             
10499999         000001000006                                                                                                                                                                                                                   
