10400000         2829265510001450000000000000000000001070749108500000000MUNICIPIO DE BRACO DO NORTE   C ECON FEDERAL                          70302202608203400000304000000                    RET ONLINE-PRODUCAO               000            
10400011T0100030 20829265510001450000000000000000000001070749108500000000MUNICIPIO DE BRACO DO NORTE                                                                                   00000003030220260000000000                          00   
1040001300001T 460000004910850000000   14999000002900037112900037        030220260000000000766140770107002900037                  092040586974000113JOSIAS BITENCOURT TORRES                          000000000000000620300                     
1040001300002U 46000000000000000000000000030085000000000000000000000000000000000000000046529000000000046529000000000000000000000000000000030220260302202600000000000000000000000000000000000000000000000000000000000000000000000000000000       
10400015         00000400000000000000000000000000000000000000000000000000000000000000000000000000000000000000000000                                                                                                                             
10499999         000001000006                                                                                                                                                                                                                   
