10400000         2829265510001450000000000000000000001070749108500000000MUNICIPIO DE BRACO DO NORTE   C ECON FEDERAL                          70302202612062100001704000000                    RET ONLINE-PRODUCAO               000            
10400011T0100030 20829265510001450000000000000000000001070749108500000000MUNICIPIO DE BRACO DO NORTE                                                                                   00000017030220260000000000                          00   
1040001300001T 460000004910850000000   14999000002911571312911571        040220260000000000196730010107002911571                  091000002547353989JUCIMARA MAZZUCO                                  000000000000000620300                     
1040001300002U 46000000000000000000000000005487000000000000000000000000000000000000000014186000000000014186000000000000000000000000000000030220260302202600000000000000000000000000000000000000000000000000000000000000000000000000000000       
10400015         00000400000000000000000000000000000000000000000000000000000000000000000000000000000000000000000000                                                                                                                             
10499999         000001000006                                                                                                                                                                                                                   
