10400000         2829265510001450000000000000000000001070749108500000000MUNICIPIO DE BRACO DO NORTE   C ECON FEDERAL                          70302202609065200000604000000                    RET ONLINE-PRODUCAO               000            
10400011T0100030 20829265510001450000000000000000000001070749108500000000MUNICIPIO DE BRACO DO NORTE                                                                                   00000006030220260000000000                          00   
1040001300001T 460000004910850000000   14999000002900117312900117        030220260000000000368730810000002900117                  091000009723635992HENRIQUE JUNIOR OENNING                           000000000000000040301                     
1040001300002U 46000000000000000000000000000000000000000000000000000000000000000000000036873000000000036873000000000000000000000000000000030220260402202600000000000000000000000000000000000000000000000000000000000000000000000000000000       
1040001300003T 460000004910850000000   14999000002923853012923853        060320260000000002592641040107002923853                  091000005434271963AMANDA PICKLER BRATTI                             000000000000000060301                     
1040001300004U 46000000000000000000000000000000000000000000000000000000000000000000000259264000000000259264000000000000000000000000000000030220260402202600000000000000000000000000000000000000000000000000000000000000000000000000000000       
1040001300005T 460000004910850000000   14999000002924724512924724        030220260000000000117235090000002924724                  092045038788000163RVA RESTAURANTE E PIZZARIA LTDA                   000000000000000040301                     
1040001300006U 46000000000000000000000000000000000000000000000000000000000000000000000011723000000000011723000000000000000000000000000000030220260402202600000000000000000000000000000000000000000000000000000000000000000000000000000000       
10400015         00000800000000000000000000000000000000000000000000000000000000000000000000000000000000000000000000                                                                                                                             
10499999         000001000010                                                                                                                                                                                                                   
