10400000         2829265510001450000000000000000000001070749108500000000MUNICIPIO DE BRACO DO NORTE   C ECON FEDERAL                          70302202614055000002104000000                    RET ONLINE-PRODUCAO               000            
10400011T0100030 20829265510001450000000000000000000001070749108500000000MUNICIPIO DE BRACO DO NORTE                                                                                   00000021030220260000000000                          00   
1040001300001T 460000004910850000000   14999000002929853212929853        170220260000000000559981040107002929853                  092005591782000285BOING   DACOREGIO LTDA                            000000000000000620300                     
1040001300002U 46000000000000000000000000000000000000000000000000000000000000000000000055998000000000055998000000000000000000000000000000030220260302202600000000000000000000000000000000000000000000000000000000000000000000000000000000       
1040001300003T 460000004910850000000   14999000002929855912929855        170220260000000000019801040107002929855                  092005591782000102BOING   DACOREGIO LTDA                            000000000000000620300                     
1040001300004U 46000000000000000000000000000000000000000000000000000000000000000000000001980000000000001980000000000000000000000000000000030220260302202600000000000000000000000000000000000000000000000000000000000000000000000000000000       
10400015         00000600000000000000000000000000000000000000000000000000000000000000000000000000000000000000000000                                                                                                                             
10499999         000001000008                                                                                                                                                                                                                   
